4070 6500
285 303 422 367 1185

1383 304 1482 366 DE
1522 251 1989 368 C(iNTEMNEN
1994 307 2095 368 DA
2132 307 2421 369 MORTE.

3393 303 3531 368 1186

283 420 488 489 μένοις.
519 414 703 470 Ταῦτα
733 394 1005 487 γάρ’πρὸς
1037 418 1133 489 τὴν
1183 419 1376 489 χρείαν
1410 421 1571 489 μόνον
1594 422 1727 492 δρᾷ.
1757 420 1855 473 καὶ

1964 422 2068 476 sint
2093 436 2323 492 capaces
2352 462 2368 489 ,
2415 437 2521 491 qua
2553 420 2672 476 hac
2697 427 2755 476 et
2798 418 3155 474 inveniuntur
3184 426 3239 473 et
3259 432 3534 489 peragun-

279 512 404 563 ὅσον
432 508 567 576 πρός
602 525 662 560 τε
710 508 919 579 τροφὴν
973 510 1158 572 αὑτοῖς
1189 512 1283 565 καὶ
1319 514 1537 579 γένεσιν
1586 513 1853 574 συντελεῖ,

277 602 430 657 οὐδὲν
464 601 521 654 δέ
564 602 878 671 περαιτέρω
914 603 1341 673 περιεργάζεται
1363 615 1378 632 ⁸
1402 606 1494 659 καὶ
1529 605 1730 675 ταύτης
1758 605 1857 674 τῆς

278 694 528 761 ἀνάγκης
549 691 812 762 γινόμενα
840 694 1031 764 μόνης,
1051 696 1365 764 φιλοτιμίαν
1383 697 1649 766 οὐδεμίαν
1668 696 1856 765 είσςρέ-

282 803 458 858 ρεται,
485 785 680 854 ὥσπερ
706 787 942 850 τακτούς
989 804 1141 852 τινας
1180 790 1280 856 τῆς
1313 788 1533 858 φύσεως
1565 789 1731 859 ὄρους
1756 791 1855 860 οὑχ

279 880 637 949 ὑπερϐαίνειν
684 880 990 948 τολμῶντα.
1029 880 1182 934 Ὠστ’
1225 881 1312 950 ἐφ’
1341 883 1559 953 ἑκάστῳ
1585 882 1696 936 τῶν
1724 885 1855 954 ὁμο-

278 972 459 1042 γενῶν
503 973 572 1024 τά
620 973 760 1026 αὑτὰ
804 971 873 1025 ἂν
909 974 1050 1042 ίδῃς.
1083 973 1178 1027 καὶ
1233 973 1424 1028 οἰκιῶν
1453 974 1733 1044 σχήματα,
1764 975 1857 1028 καὶ

279 1064 503 1134 τροφῶν
542 1066 773 1134 νόμιμα,
804 1063 899 1117 καὶ
944 1064 1128 1118 ’ύπνων
1158 1064 1592 1136 ἐπιτηδεύματα.
1627 1068 1721 1120 καὶ
1763 1068 1856 1118 θε-

279 1155 518 1226 ραπείας
553 1155 816 1223 ἐκγόνων,
841 1156 936 1208 καὶ
970 1155 1106 1226 πρὸς
1138 1157 1430 1227 ἀποφυγὰς
1471 1157 1503 1228 ἢ
1545 1158 1639 1211 καὶ
1672 1159 1855 1228 μάχας

278 1246 630 1329 περιεργίας.

858 1522 1113 1578 ΚΕΦΑΛ.
1144 1521 1219 1577 9’.

352 1619 568 1675 τούτων
606 1619 719 1691 γὰρ
763 1620 987 1673 πάντων
1032 1617 1112 1683 εἷς
1143 1621 1280 1675 πᾶσι
1313 1619 1484 1691 παρὰ.
1506 1621 1607 1691 τῆς
1641 1618 1860 1688 φύσεως

275 1715 556 1769 ἐπίκειται
592 1714 779 1783 νόμος,
810 1712 872 1767 ὃν
896 1714 999 1767 οὑκ
1030 1713 1180 1767 ἐστιν
1209 1712 1398 1775 αὐτοῖς
1430 1712 1750 1782 παρελθεῖν,
1777 1709 1856 1776 ῶς
1886 1752 1930 1809 Β

277 1808 351 1863 ἃν
396 1804 559 1870 φύσει
600 1804 739 1877 μόνῃ
774 1803 868 1858 καὶ
898 1806 967 1875 τῇ
1017 1804 1140 1859 κατ’
1175 1803 1440 1875 αἴσθησιν
1485 1806 1599 1874 ζωῇ
1631 1819 1856 1872 περικε-

278 1896 650 1967 κλεισμένοις.
678 1893 1000 1963 ΙἌνθρωπον
1049 1895 1104 1948 δέ
1148 1897 1176 1950 ὁ
1216 1895 1376 1964 λόγος
1413 1897 1527 1957 τοῖς
1573 1894 1857 1965 ἀραχνίοις

279 1988 496 2052 τούτοις
535 1988 887 2057 ἐνδεδεμένον
915 1988 1014 2041 οὑκ
1047 1988 1309 2060 ⁴ἰγνὲσχι-ιτο
1359 1990 1481 2059 ζῇν.
1519 1987 1742 2042 Τούτων
1798 1986 1856 2039 δέ

281 2080 471 2143 λύσας,
503 2079 792 2150 ἐλεύθερον
817 2079 966 2150 αὑτῷ
990 2080 1188 2134 δέδωκε
1214 2079 1350 2150 βίον,
1372 2081 1432 2133 οὑ
1469 2079 1633 2150 μόνον
1661 2079 1717 2133 δε
1728 2078 1860 2132 σπό-

278 2190 380 2226 του
408 2172 611 2235 παντὸς
645 2171 988 2237 ἀπαλλάξας.
1020 2172 1157 2226 ἀλλὰ
1180 2173 1282 2226 κάν
1310 2174 1422 2236 τοῖς
1458 2172 1643 2242 ἔργοις
1672 2174 1855 2225 πᾶσαν

276 2259 620 2328 ἀφελόμενος
646 2260 748 2330 τὴν
770 2260 1041 2329 ἀνάγκην,
1075 2260 1169 2313 καὶ
1199 2261 1265 2330 τῇ
1298 2260 1396 2328 τῆς
1431 2259 1645 2329 φύσεως
1678 2259 1739 2311 οὑ
1763 2276 1859 2311 πε-

284 2347 561 2417 ριγράψας
612 2349 971 2420 στενοχωρίᾳ,
1015 2348 1077 2402 οὑ
1132 2349 1270 2419 πρὸς
1328 2349 1389 2403 τὸ
1423 2347 1563 2402 εἶναι
1597 2350 1760 2420 μόνον
1788 2349 1859 2403 τὰ

282 2438 453 2493 αὑτοῦ
490 2439 709 2493 τάττειν
741 2440 930 2506 ἐάσας,
961 2440 1097 2495 ἀλλὰ
1129 2441 1311 2511 πολλῷ
1341 2443 1505 2495 πλέον
1541 2442 1635 2495 καὶ
1663 2441 1759 2494 τοῦ
1796 2441 1855 2495 εὖ

281 2525 424 2584 εἶναι
452 2529 674 2596 διδάξας
700 2531 860 2598 λόγον
891 2532 1191 2587 ποιεῖσθαι.
1231 2532 1393 2586 Ὅθεν
1434 2535 1532 2604 οὐχ
1563 2534 1737 2587 ὑετῶν
1766 2534 1860 2603 μό-

280 2640 372 2676 νον
398 2623 493 2675 καὶ
531 2623 758 2691 πνίγους
788 2623 1149 2697 ἀλεξητήριον
1178 2628 1278 2697 ⁸τὴν
1326 2626 1507 2680 οἰκίαν
1541 2624 1860 2694 ἀνίστησιν,

280 2712 391 2768 οὐδ’
424 2715 511 2783 ἐφ’
541 2717 661 2780 ἐνὸς
716 2717 999 2788 σχήματος
1030 2717 1239 2789 ταύτην
1295 2717 1558 2788 ἱδρύεται,
1603 2716 1715 2770 οὐδ’
1751 2718 1860 2771 ὀιπὸ

280 2805 392 2861 τῶν
421 2807 604 2861 αὐτῶν
643 2812 850 2878 ταύτην
889 2813 1298 2883 συμπήγνυσιν,
1329 2812 1465 2880 ὅπερ
1497 2812 1530 2881 ἡ
1561 2809 1672 2863 τῶν
1706 2808 1859 2872 ζώων

285 2897 489 2967 πάσχει
515 2899 674 2951 πενία
695 2914 710 2928 ο
736 2899 873 2954 ἀλλὰ
896 2882 1077 2962 πάσας
1107 2901 1207 2970 μὲν
1233 2902 1419 2955 οἰκιῶν
1446 2899 1594 2965 ἰδέας
1617 2900 1856 2953 ἐπινοεῖ·

284 2991 486 3053 πάσαις
520 2989 579 3042 δέ
607 2990 926 3058 άναλογίαις
960 2992 1292 3048 συνδεῖ.Κα“ι
1328 2991 1428 3063 τὴν
1460 2991 1592 3061 ὓλην
1627 2991 1727 3044 οὑκ
1766 2990 1863 3043 αὑ-

1957 523 2071 580 tur,
2122 523 2177 568 et
2209 514 2276 569 ad
2333 514 2622 569 utilitatem
2685 512 2957 567 utentium
3028 510 3536 565 accommodantur.

1930 607 2054 685 liae
2087 605 2231 660 enim
2289 605 2677 661 necessitatem
2705 612 2918 659 tantum
2980 603 3289 664 intuentur,
3348 609 3541 671 quate-

1956 712 2062 751 nus
2092 712 2180 752 res
2209 698 2275 752 iis
2301 697 2367 753 ad
2399 703 2615 767 pastum
2638 697 2955 751 conducunt
2983 702 3038 749 et
3066 693 3533 764 procreationem,

1957 785 2182 844 ulterius
2211 789 2614 845 nonsollicitae.
2651 787 2712 842 Et
2748 802 2876 843 cum
2908 788 2962 840 in
3001 786 3169 840 solius
3217 785 3379 855 hujus
3435 799 3540 837 ne-

1955 879 2530 949 cessitatis'potestate
2556 879 2688 945 sint,
2743 878 2955 931 nullum
2998 882 3247 931 ornatus
3296 872 3538 929 studium

1958 972 2182 1038 habent,
2237 983 2297 1028 ut
2352 988 2471 1042 quae
2500 988 2611 1027 non
2639 972 2876 1026 audeant
2918 970 3217 1040 praeﬁnitus
3266 968 3528 1036 quosdam

1959 1076 1989 1115 a
2023 1070 2217 1117 natura
2245 1059 2446 1116 limites
2475 1062 2846 1132 prtetergredi.
2892 1059 3081 1129 itaque
3106 1058 3166 1122 in
3197 1070 3536 1125 unoquoque

1957 1165 2158 1221 genere
2196 1151 2414 1206 easdem
2455 1161 2513 1206 et
2541 1151 2896 1205 mditiciorum
2934 1149 3142 1203 formas
3202 1148 3416 1211 videas,
3485 1156 3543 1201 et

1957 1254 2144 1312 pastus
2170 1242 2330 1305 ritus,
2363 1253 2419 1297 et
2438 1243 2743 1298 dormiendi
2798 1242 3255 1299 consuetudinem
3294 1281 3309 1304 ,
3351 1249 3403 1293 et
3441 1254 3542 1294 cu-

1958 1348 2046 1389 ras
2080 1347 2272 1407 eorum.
2302 1348 2422 1402 qua:
2464 1344 2746 1404 procreata
2786 1343 2936 1399 sunt,
3003 1342 3073 1407 et
3109 1331 3539 1387 sollicitudinem
3604 1331 3609 1336 ’

1959 1423 2026 1479 ad
2061 1404 2300 1493 pericula
2329 1424 2412 1481 vel
2433 1423 2773 1492 declinanda,
2806 1423 2894 1480 vel
2930 1404 3324 1492 propulsanda.

2591 1527 2822 1585 CAPUT
2888 1527 2978 1583 IX.

2028 1619 2163 1675 Nam
2192 1620 2387 1675 harum
2416 1635 2598 1675 rerum
2631 1621 2874 1676 onmium
2936 1635 3043 1675 una
3061 1620 3316 1676 omnibus
3349 1630 3544 1676 natura

1960 1714 2046 1770 lex
2077 1714 2364 1781 incumbit,
2405 1730 2568 1786 quam
2604 1716 2907 1786 transgredi
2958 1715 3065 1770 illis
3097 1730 3205 1769 non
3229 1715 3380 1777 licet.
3414 1724 3541 1768 tan-

1955 1822 2118 1876 quam
2148 1821 2270 1877 quae
2301 1806 2416 1862 sola
2454 1817 2671 1871 natura,
2702 1817 2757 1862 et
2792 1807 2898 1861 vita
2931 1821 3097 1860 sensu
3141 1804 3366 1875 praedita
3389 1819 3547 1859 coer-

1958 1909 2205 1956 ceantur.
2238 1898 2524 1954 Hominem
2556 1910 2737 1955 autem
2778 1900 2920 1954 ratio
2954 1914 3062 1952 non
3092 1913 3248 1968 passa
3286 1906 3391 1958 est,
3456 1896 3546 1950 his

1958 1991 2113 2062 quasi
2151 2006 2474 2046 aranearum
2512 1991 2632 2046 telis
2691 1988 2987 2045 irretitum'
3017 1995 3227 2052 vivere,
3294 1991 3388 2045 sel
3446 1989 3536 2043 his

1958 2084 2160 2147 soluto,
2194 2082 2359 2138 vitam
2391 2072 2617 2136 liberam
2647 2081 2919 2136 concessit
2959 2096 2976 2133 :
3005 2096 3114 2134 non
3172 2090 3387 2134 remoto
3416 2088 3543 2132 tanv

1958 2186 2071 2232 tum
2096 2175 2288 2245 quovis
2320 2175 2624 2240 dominatu,
2646 2173 2737 2227 sed
2769 2172 2992 2240 depulsa
3022 2173 3170 2226 omui
3225 2173 3387 2226 etiam
3448 2185 3551 2224 ne-

1960 2265 2222 2321 cessitate
2276 2264 2333 2317 in
2388 2262 2565 2324 factis,
2623 2276 2803 2331 neque
2855 2277 2977 2316 eum
3024 2269 3230 2314 naturae
3274 2259 3546 2330 angustiis

1958 2356 2244 2418 conclusit,
2272 2370 2374 2409 nec
2417 2354 2468 2408 id
2501 2355 2768 2408 duntaxat
2821 2353 3115 2415 concessit,
3149 2360 3208 2405 ut
3259 2350 3550 2405 incolumi-

1962 2450 2124 2515 tatis,
2162 2448 2256 2503 sed
2329 2446 2501 2501 multo
2560 2449 2769 2517 magis,
2812 2454 2872 2500 ut
2922 2444 3197 2501 felicitatis
3269 2446 3538 2498 rationem

1961 2539 2205 2593 haberet.
2262 2536 2419 2592 Unde
2472 2552 2582 2591 non
2649 2537 2715 2590 ad
2774 2537 3178 2607 prepulsandos
3244 2536 3446 2589 imbres
3488 2543 3544 2589 et

1959 2642 2124 2687 aestus
2153 2631 2338 2696 modo,
2373 2629 2519 2684 aedes
2555 2629 2738 2700 erigit,
2789 2643 2891 2683 nec
2922 2644 3030 2683 una
3064 2628 3321 2698 quapiam
3374 2628 3546 2697 ﬁgura

1961 2736 2054 2775 eas
2082 2720 2333 2783 exstruit,
2371 2734 2548 2786 neque
2587 2733 2652 2772 cx
2680 2716 2871 2771 eadem
2905 2715 3133 2770 materia
3193 2721 3553 2784 coagmentat

1964 2811 2133 2885 [quod
2155 2812 2457 2867 bestiarum
2495 2810 2695 2880 inopia:
2729 2807 2978 2880 accidit].
3039 2810 3135 2862 sed
3195 2808 3377 2862 omnia
3431 2816 3546 2861 ιυιη

1962 2903 2325 2960 aediﬁciorum
2352 2917 2551 2973 genera
2586 2900 2884 2971 excogitat,
2925 2909 3038 2953 tum
3072 2914 3135 2953 ea
3205 2897 3390 2952 multis
3438 2913 3557 2949 mo—

1962 2995 2050 3050 dis
2107 2992 2429 3063 compingit.
2465 2991 2530 3045 Et
2563 2991 2850 3045 materiam
2899 3006 3011 3045 non
3065 3006 3096 3045 e
3130 2990 3380 3060 proximo
3437 2996 3557 3041 tan-

283 3080 445 3133 τόθεν
475 3081 638 3151 μόνον
669 3080 980 3151 πορίζεται,
1012 3081 1148 3136 ἀλλά
1180 3083 1280 3152 τὴν
1312 3082 1612 3153 ὑπερορίαν
1655 3081 1864 3135 λιθοτο-

1972 3095 2084 3140 tum
2141 3086 2437 3155 conquirit,
2494 3083 2590 3138 sed
2651 3083 2862 3152 lapides
2916 3098 3145 3152 peregre
3201 3080 3424 3143 excidit,
3496 3087 3555 3132 et

288 3173 401 3241 μεῖ,
436 3171 680 3243 Θετταλῇ
710 3172 742 3242 ἢ
791 3172 1143 3242 πορφυρίτιδι
1181 3171 1316 3242 λίθῳ
1345 3174 1472 3235 τοὺς
1503 3172 1714 3242 τοίχους
1756 3173 1863 3240 ἁμ-

286 3265 529 3334 φιεννὺς,
564 3267 656 3318 καὶ
693 3265 806 3327 τοῖς
852 3264 962 3317 τῶν
992 3263 1279 3335 λειμώνων
1313 3265 1500 3321 ἄνθεσι
1531 3263 1863 3333 ζωγραφῶν,

286 3357 386 3411 καὶ
407 3354 673 3427 τοῦδαφος
700 3355 1017 3420 ποικίλλων,
1036 3356 1235 3428 χρυσὸν
1284 3357 1603 3428 περιτήκων
1644 3356 1742 3425 (Ι),
1770 3355 1866 3409 καὶ

284 3447 426 3510 ὅλως
450 3446 548 3517 τῆς
583 3446 683 3516 μὲν
711 3444 901 3516 χρείας
929 3445 1314 3516 καταφρονῶν,
1340 3447 1478 3516 πρὸς
1512 3447 1866 3500 πολυτέλειαν

283 3538 348 3591 δὲ
387 3538 549 3608 μόνον
575 3538 721 3608 ὁρῶν
741 3554 756 3569 '
784 3538 845 3592 τὸ
877 3538 924 3592 δ’
963 3532 1098 3594 αὑτδ
1128 3541 1443 3611 μηχανᾶται
1492 3542 1588 3595 καὶ
1614 3542 1746 3612 περὶ
1767 3541 1869 3613 τὴν

285 3626 639 3697 ἀμπεχόνην,
664 3624 724 3678 οὑ
750 3626 886 3697 πρὸς
922 3627 1022 3691 τὰς
1048 3627 1156 3681 τῶν
1182 3628 1342 3698 ὡρῶν
1368 3628 1531 3698 μόνον
1562 3629 1870 3700 μεταϐολὰς

285 3722 401 3782 τοῖς
432 3719 672 3791 ἱματίοις
701 3717 1075 3791 φραττόμενος
1095 3735 1110 3751 ο
1144 3720 1335 3790 ὀλίγης
1360 3722 1470 3793 γὰρ
1498 3721 1565 3777 ἂν
1596 3721 1706 3778 ἔδει
1732 3722 1870 3794 πρὸς

284 3812 455 3867 τοῦτο
501 3811 819 3883 φροντίδοςο
873 3812 967 3866 νῦν
999 3812 1046 3866 δ’
1085 3815 1261 3868 ἐκεῖνο
1306 3814 1406 3884 μὲν
1451 3817 1518 3887 τῇ
1564 3813 1726 3884 φύσει
1776 3815 1874 3871 καὶ

284 3905 407 3967 τοῖς
443 3902 607 3969 ζώοις
642 3903 989 3976 ἀπέρριψεν
1033 3904 1063 3958 ὁ
1088 3904 1146 3960 δέ
1192 3905 1353 3975 λόγος
1389 3907 1587 3980 πολλὴν
1614 3909 1717 3962 κάν
1757 3909 1874 3971 τοῖς

291 3992 538 4063 ἱματίοις
564 3992 789 4064 ἐξεῦρεν
826 3991 975 4063 αὑτῷ
1000 3992 1103 4075 τὴν
1147 3993 1446 4067 ἁδρότητα.
1488 3997 1596 4050 Καὶ
1638 3997 1746 4066 γὰρ
1778 3996 1874 4051 καὶ

292 4084 433 4154 ὕλης
465 4083 732 4154 διαφορὰν
755 4084 1011 4155 ἐζήτησε,
1043 4085 1141 4140 καὶ
1166 4086 1326 4150 ἄνθος
1357 4084 1570 4162 ἐξεῖρε,
1614 4090 1707 4143 καὶ
1742 4106 1876 4160 χρυ-

292 4178 392 4230 σὸν
426 4175 721 4246 συνύφηνε,
748 4178 845 4229 καὶ
887 4177 1250 4231 παντοδαπῶν
1277 4176 1436 4242 ζώων
1462 4198 1522 4235 τε
1555 4181 1653 4233 καὶ
1687 4180 1875 4249 φυτῶν

291 4271 444 4333 ἰδέας
470 4270 525 4323 ἐν
550 4269 762 4340 τούτοις
793 4269 1079 4340 διέγραψε,
1111 4270 1206 4323 καὶ
1254 4270 1489 4340 ἱματίων
1520 4272 1666 4335 ἰδέας
1710 4272 1876 4333 ἄλλας

291 4361 481 4426 ἄλλοις
507 4362 831 4432 ἀπένειμεν,
863 4360 939 4425 ὡς
964 4362 1031 4416 ἂν
1060 4361 1290 4425 ἕκαστος
1333 4363 1552 4430 γένους,
1579 4363 1611 4431 ἢ
1641 4363 1872 4434 ἀξίας,ἢ

1967 3179 2285 3235 Thessalico
2312 3192 2602 3241 marmore,
2642 3185 2735 3231 aut
2776 3175 3154 3246 porphyritide
3186 3174 3392 3244 pariete
3414 3213 3427 3237 ,
3461 3188 3558 3226 vc-

1967 3270 2080 3334 stit,
2126 3279 2182 3323 et
2205 3278 2487 3339 pratorum
2532 3268 2758 3323 ﬂoribus
2785 3283 2881 3322 eos
2907 3267 3098 3336 pingit,
3130 3266 3187 3320 'et
3217 3266 3397 3320 solum
3464 3280 3560 3318 va-

1969 3363 2096 3425 riat,
2129 3373 2289 3432 atque
2322 3363 2562 3428 inaurat,
2594 3361 2831 3430 denique
2864 3360 3191 3414 necessitate
3217 3367 3559 3427 contempta,

1968 3455 2145 3510 solum
2178 3454 2413 3525 pretium
2436 3454 2685 3524 respicit.
2715 3454 2917 3508 Eadem
2932 3452 3368 3509 comminiscitur
3382 3453 3552 3505 etiam

1972 3549 2029 3605 in
2082 3549 2305 3612 amictu,
2354 3563 2466 3602 non
2523 3546 2589 3601 ad
2626 3547 2756 3601 anni
2811 3545 3193 3616 intemperiem
3246 3553 3458 3598 tantum
3495 3555 3560 3595 se

1971 3643 2214 3698 vestibus
2254 3641 2507 3696 muniens
2541 3639 2690 3712 [nam
2729 3640 2847 3694 haec
2879 3653 2969 3693 res
3017 3652 3126 3692 non
3156 3650 3408 3707 magnam
3465 3648 3564 3688 cu»

1972 3750 2090 3791 ram
2120 3733 2447 3805 postularet,
2508 3748 2675 3803 quam
2711 3732 2931 3802 quidem
2985 3740 3196 3786 natura
3254 3737 3312 3783 et
3371 3725 3566 3781 bestiis

1974 3826 2220 3898 abiecit],
2252 3825 2347 3882 Sed
2384 3825 2526 3880 ratio
2556 3823 2755 3879 multas
2790 3822 2955 3878 etiam
2981 3820 3211 3875 delicias
3231 3819 3285 3872 in
3310 3817 3565 3873 vestibus

1975 3917 2324 3989 excogitavit.
2346 3915 2481 3971 Nam
2524 3923 2579 3971 et
2605 3914 2853 3970 materia:
2882 3912 3201 3966 varietatem
3262 3908 3562 3978 indagavit,

1977 4022 2356 4079 ctpurpuram
2410 4005 2636 4074 reperit,
2697 4012 2864 4073 atque
2935 4015 3129 4057 aurum
3189 3999 3447 4060 intexuit,
3501 4006 3555 4048 et

1976 4098 2157 4155 omnis
2185 4096 2403 4166 generis
2422 4106 2533 4153 tum
2561 4093 2900 4157 animalium,
2933 4102 3048 4153 tum
3084 4091 3396 4161 plantarum
3421 4090 3563 4143 ima-
3608 4110 3613 4115 ι

1976 4187 2130 4258 gines
2164 4186 2218 4239 in
2256 4185 2326 4242 iis
2346 4184 2617 4255 depinxit,
2650 4193 2705 4239 ct
2745 4182 2868 4241 aliis
2898 4180 3034 4234 alias
3066 4179 3297 4236 vestium
3363 4178 3567 4230 fortnas

1977 4277 2251 4342 attribuit,
2281 4293 2381 4346 pro
2403 4277 2669 4345 cujusque
2702 4273 3119 4339 natalibus,.aut
3143 4269 3432 4339 dignitate,
3471 4277 3566 4323 aut

1977 4378 2160 4427 aetate.
2198 4368 2430 4423 Eosdem
2462 4377 2712 4438 sumptus
2756 4365 2942 4425 videas
2972 4373 3029 4418 et
3087 4363 3144 4419 in
3176 4360 3382 4423 stratis,
3422 4370 3480 4416 et
3511 4360 3565 4415 in

287 4453 511 4524 ἡλικίας
550 4451 690 4523 ἔχων
710 4455 978 4523 τυγχάνῃ.
1026 4451 1140 4522 Τὴν
1171 4453 1215 4505 δ’
1248 4455 1426 4525 αὑτὴν
1458 4455 1525 4508 ἂν
1557 4457 1689 4519 ίδοις
1713 4456 1865 4510 πολυ·

1980 4461 2385 4526 calceamentis,
2417 4469 2471 4516 et
2512 4459 2802 4517 vehiculis.
2853 4466 2908 4512 et
2936 4457 3104 4519 vasis,
3141 4462 3195 4509 et
3234 4453 3450 4509 caeteris
3477 4468 3568 4507 re-
3644 4504 3647 4507 .

288 4545 510 4597 τέλειαν
543 4546 640 4598 ἐπί
678 4562 736 4598 τε
769 4545 1083 4615 στρῶσεων,
1120 4546 1215 4599 καὶ
1242 4545 1576 4613 ὑποδέσεων,
1614 4550 1708 4602 καὶ
1743 4550 1865 4622 ὀχη-

1982 4553 2109 4618 bus,
2152 4551 2353 4621 quibus
2381 4550 2489 4605 vita
2514 4548 2824 4606 instruitur.
2861 4548 3050 4616 Itaque
3097 4545 3261 4599 homo
3298 4543 3354 4596 in
3413 4541 3567 4596 nulla

294 4635 511 4707 μάτων,
540 4636 633 4715 καὶ
661 4636 894 4702 σκευῶν,
920 4637 1016 4690 καὶ
1043 4636 1141 4708 τῆς
1164 4636 1332 4707 ἄλλης
1361 4636 1467 4693 τῶν
1489 4639 1797 4711 ἀνθρώπων
1816 4642 1865 4695 ἐν

1983 4660 2042 4700 re
2079 4657 2202 4712 sua,
2245 4629 2435 4697 iisdem
2463 4641 2661 4710 quibus
2691 4639 2781 4693 alii
2814 4648 3061 4703 utuntur,
3091 4634 3418 4698 delectatur,
3468 4631 3567 4687 sed

290 4726 376 4799 τῷ
428 4727 529 4800 βίῳ
576 4730 949 4799 κατασκευῆς.
982 4729 1134 4783 Ὢστ⁵
1184 4732 1243 4782 ἐν
1304 4730 1480 4785 οὑδενὶ
1538 4731 1649 4786 τῶν
1707 4733 1865 4788 αὑτοῦ

1976 4734 2033 4793 in
2064 4733 2322 4791 omnibus
2337 4744 2800 4802 supervacaneam
2827 4726 3123 4798 quamdam
3157 4724 3567 4784 diversitatem,

293 4820 648 4892 πραγμάτων
679 4820 970 4892 ἄνθρωπος
1016 4824 1132 4887 τοῖς
1207 4823 1409 4889 αὑτοῖς,
1440 4819 1521 4887 οἷς
1563 4827 1657 4881 καὶ
1685 4827 1734 4881 oi
1761 4827 1865 4881 ἐτε·

1978 4835 2034 4880 et
2060 4825 2386 4894 elegantiam
2421 4820 2711 4890 excogitat,
2771 4825 2960 4874 contra
2995 4830 3156 4884 quam
3235 4814 3569 4883 reliquorum

296 4929 409 4986 ροι,
431 4911 614 4983 χαίρει
636 4953 653 4980 ,
681 4911 821 4966 ἀλλὰ
849 4914 983 4967 πᾶσι
1008 4914 1274 4984 περιττήν
1301 4932 1425 4969 τινα
1452 4916 1757 4991 ἐξαλλαγὴν
1783 4920 1865 4974 καῖ

1979 4915 2334 4999 animantium
2367 4922 2563 4969 natura
2595 4911 2724 4976 fert,
2750 4925 2870 4979 qua:
2922 4919 3035 4964 tum
3072 4907 3268 4983 pusilla
3317 4905 3571 4977 quaedam

297 5003 623 5075 φιλοτιμίαν
655 5005 862 5058 ἐπινοεῖ
880 5005 1215 5069 ἀπεναντίας
1247 5008 1315 5078 τῇ
1348 5007 1457 5062 τῶν
1484 5009 1688 5063 λοιπῶν
1722 5011 1865 5072 (dum

1977 5016 2165 5078 agunt,
2191 5016 2305 5059 tum
2333 5003 2521 5073 paucis
2553 5009 2808 5055 contenta
2842 5009 2988 5053 sunt.

297 5094 487 5167 φύσει,
527 5096 564 5151 ἃ
617 5096 790 5167 μικρὰ
841 5097 943 5168 μὲν
996 5096 1317 5168 ἐργάζεται,
1349 5103 1567 5173 μικροῖς
1626 5103 1984 5174 δὲὰρκεὴαι,
2037 5102 2132 5156 ἐνα
2189 5101 2247 5153 δὲ
2281 5097 2402 5168 βίον
2449 5097 2617 5168 πόρον
2659 5095 2811 5165 παρὰ
2869 5095 2968 5164 τῆς
3013 5092 3232 5164 φύσεως
3290 5091 3569 5165 ἐδιδάχθη.

930 5193 1189 5249 ΚΕΦΔΛ.
1214 5194 1275 5249 ι’.

2594 5188 2824 5246 CAPUT
2897 5187 2966 5244 Χ.
3358 5198 3359 5201 ‘

383 5285 545 5340 Ἀλλὰ
577 5286 751 5342 ταῦτα
786 5286 886 5356 μὲν
917 5286 1067 5339 είποι
1098 5301 1186 5346 τις
1211 5284 1280 5340 ἂν
1304 5290 1400 5341 καὶ
1432 5289 1687 5360 ἀνάγκης
1726 5291 1876 5361 ἔχειν

292 5395 355 5434 τι
386 5378 903 5448 παραμεμιγμένον.
935 5378 1031 5430 Δεῖ
1077 5375 1189 5446 γὰρ
1219 5380 1334 5443 τοῖς
1387 5379 1647 5447 μέλλουσι
1679 5382 1875 5451 βιώσε-

296 5468 432 5526 σθαι
461 5470 556 5523 καὶ
585 5469 813 5540 τροφῆς,
848 5469 945 5523 καὶ
969 5468 1172 5531 οἰκίας,
1205 5467 1301 5521 καὶ
1326 5469 1582 5539 ίματίων,
1607 5464 1683 5526 ὧν
1712 5475 1744 5542 ἡ
1773 5473 1875 5541 φύ-

295 5576 391 5624 σις
424 5560 685 5629 φροντίδα
720 5560 816 5613 καὶ
842 5558 953 5613 τῶν
986 5558 1140 5624 ζώων
1185 5558 1350 5621 ἐνίοις
1386 5559 1666 5629 ἐνέθηκεν,
1697 5566 1745 5617 εί
1775 5565 1872 5617 καὶ

224 5692 231 5695 μ
289 5655 404 5727 τὴν
429 5653 637 5708 τούτων
678 5653 875 5723 κτῆσιν
911 5652 1224 5723 ἀνθρώποις
1272 5650 1739 5726 πολυτελεστέραν
1774 5657 1870 5711 καὶ

2063 5289 2262 5344 Verum
2301 5287 2407 5343 dici
2444 5295 2632 5357 queat,
2680 5285 2797 5338 haec
2826 5280 3034 5352 aliquid
3061 5282 3229 5335 etiam
3266 5278 3573 5351 necessita-

1987 5381 2057 5435 tis
2092 5379 2652 5452 habere‘admistum.
2709 5374 2810 5442 Qui
2851 5373 3016 5429 etiam
3079 5372 3243 5428 \itam
3278 5384 3574 5425 conserva-

1982 5485 2090 5527 tam
2117 5471 2369 5542 cupiunt,
2400 5469 2549 5525 victu
2597 5477 2654 5522 et
2682 5464 2962 5521 domicilio
2994 5472 3049 5518 et
3101 5460 3448 5516 vestimentis
3476 5460 3570 5512 in-
3622 5534 3633 5543 .

1982 5565 2192 5634 digent,
2230 5578 2457 5633 quarum
2484 5575 2670 5617 rerum
2701 5573 2887 5617 curam
2922 5566 3117 5611 natura
3182 5553 3374 5610 bestiis
3402 5551 3573 5607 etiam

1983 5657 2312 5727 quibusdam
2355 5654 2573 5718 indidit,
2632 5652 2886 5723 quamvis
2919 5652 3117 5705 horum
3153 5646 3572 5721 possessionem

366 5768 443 5828 (ι)
472 5766 648 5820 uenor
668 5768 822 5820 lectio
842 5770 949 5821 cod.
973 5769 1100 5832 neg.
1131 5765 1263 5816 l2l5.
1283 5754 1557 5829 ..;,ἀνθεσι
1579 5771 1776 5832 τούτους
1799 5789 1865 5837 γρέ

1966 5792 1990 5823 ν
2012 5791 2061 5826 κ.
2083 5789 2126 5823 τ.
2151 5790 2285 5825 ποικ.
2309 5773 2391 5823 καὶ
2417 5771 2488 5835 τῷ
2510 5771 2634 5834 τέγει
2658 5786 2733 5834 χρ.
2761 5784 2918 5831 περιτ.
2940 5765 3074 5819 Enn.
