4070 6480
427 294 562 357 1189

1536 300 1634 360 DE
1670 299 2242 366 CONTEMNENDA
2292 308 2575 369 MORTE.

3545 322 3685 381 ιιοο

422 406 480 459 ἓν
515 405 679 476 μόνον
710 407 849 478 αὐτῇ
879 424 937 461 τε
969 408 1227 479 ὥρισται,
1252 416 1346 466 καὶ
1372 410 1438 468 τὰ
1472 413 1643 486 ταύτῃ
1664 414 1991 470 δουλεύοντα

2100 420 2418 475 continetur
2461 439 2475 475 :
2511 431 2567 477 et
2601 422 2878 489 animalia,
2901 440 3022 495 quae
3052 427 3098 481 ei
3128 428 3395 493 serviunt,
3439 445 3608 503 egena
3636 444 3693 487 et

423 498 541 560 ζῶα
575 499 730 551 ἐνδεᾶ
758 500 848 552 καὶ
881 500 1041 554 δοῦλα
1071 505 1366 576 καθίστησι
1401 510 1621 576 μικροῖς
1664 508 1997 575 ὲγκλείουσα

422 590 629 658 νόμοις.
665 588 986 661 Ἀνθρωπος
1015 593 1071 645 δὲ
1105 593 1246 648 οὕτω
1279 596 1416 664 πρὸς
1464 597 1525 649 τὸ
1566 598 1756 669 ἄρχειν
1787 598 1999 653 ἄνωθεν

421 683 574 750 παρὰ
607 681 744 734 Θεοῦ
774 684 1251 752 παρεσκεύασται,
1280 687 1423 741 ὥστε
1455 689 1514 742 ού
1552 690 1713 757 μόνον
1756 689 1865 743 τῶν
1900 692 1998 745 ἅλ-

419 774 528 827 λων
567 773 819 844 ἡγεῖσθαι
866 774 1142 844 βούλεται,
1176 777 1314 832 ἀλλὰ
1351 779 1490 848 πρδς
1525 781 1723 834 ἑαυτὸν
1756 781 1855 851 τὴν
1895 783 1996 851 ἀρ-

421 869 524 938 χὴν
553 868 929 923 ἐπιδείκνυται
963 868 1194 941 ταύτην.
1229 871 1323 924 καὶ
1372 870 1522 925 τοῦθ’
1560 872 1690 949 ὅταν
1738 873 1837 943 τὴν
1865 875 1994 927 ἑαυ-

419 960 513 1013 τοῦ
546 962 711 1031 φύσιν
738 966 903 1033 τηρῇ.
933 963 1097 1015 Ὥστε
1122 964 1249 1023 τούς
1278 981 1342 1031 γε
1365 963 1653 1034 σώφρονας
1686 966 1782 1018 καὶ
1810 966 1998 1035 φρονί-

423 1068 559 1121 μους
591 1053 881 1122 ἐγκρατεῖς
911 1053 1121 1107 ἑαυτῶν
1149 1058 1238 1107 καὲ
1270 1055 1540 1126 ἄρχοντας
1571 1058 1780 1110 ἑαυτῶν
1812 1057 1997 1124 ἀξιοῦ-

423 1160 524 1212 μεν
545 1143 756 1197 καλεῖν.
781 1144 887 1197 Καὶ
909 1146 1054 1198 οὗτοι
1090 1146 1347 1215 μάλιστα,
1381 1147 1538 1200 αὐτοί
1568 1130 1994 1219 τειεὺδαίμονες,

421 1238 517 1290 καὶ
550 1237 664 1299 τοῖς
693 1237 1025 1307 ἀρχομένοις
1058 1238 1409 1308 εὐδαιμονίας
1456 1242 1596 1293 εἰσὶν
1630 1241 1816 1305 αἴτιοι,
1848 1241 1897 1294 οἳ
1932 1241 1995 1295 ἂν

422 1329 684 1397 μάλιστα,
718 1328 909 1398 ῶσπερ
966 1330 1150 1401 ὄχλου,
1187 1333 1286 1400 τῆς
1327 1334 1382 1384 ὲν
1434 1332 1742 1405 ἀνθρώποις
1771 1334 1996 1410 ἀλογίας

419 1422 610 1492 ἄρχειν
640 1420 991 1477 ἐπίστωνται.
1039 1425 1149 1477 Καὶ
1202 1426 1307 1493 πρὸ
1347 1426 1554 1496 ταύτης
1598 1427 1696 1493 τῆς
1729 1422 1904 1496 ἀρχῆς
1934 1428 1996 1479 ού

416 1516 581 1582 φασῖν
613 1515 662 1566 oi
693 1513 817 1566 νοῦν
851 1514 1067 1583 ἔχοντες
1099 1515 1324 1585 θεμιτὸν
1360 1515 1508 1571 εἶναι
1537 1520 1648 1580 τοῖς
1682 1517 1998 1589 ἀνθρώποις

419 1607 513 1658 ἐπὶ
536 1604 597 1657 τὸ
628 1605 893 1675 δημόσιον
925 1611 1206 1677 παριέναι,
1236 1608 1313 1672 ὡς
1340 1610 1494 1662 οὐδὲν
1522 1611 1821 1681 πράξουσιν
1845 1611 1996 1677 ἄξιον

418 1698 607 1763 λόγου,
636 1698 772 1751 ἀλλὰ
819 1701 935 1761 τοῖς
962 1699 1145 1763 ἄλλοις
1199 1702 1294 1754 καὶ
1342 1702 1568 1765 ἑαυτοὺς
1624 1704 1996 1773 προσδιαφθε-

422 1792 599 1863 ροῦσι.
632 1790 819 1861 Τούτῳ
848 1792 904 1845 δὲ
926 1793 1109 1862 πάντη
1145 1793 1205 1845 τὺ
1244 1794 1354 1847 τῶν
1387 1793 1543 1859 ζώων
1574 1796 1729 1863 γένος
1761 1800 1993 1867 κεχώρι-

419 1902 565 1949 σται,
612 1884 709 1937 καὶ
737 1885 895 1937 οὐδὲν
949 1884 1016 1938 ἂν
1068 1884 1223 1955 εὖροι
1287 1904 1372 1948 τις
1415 1887 1643 1942 ἐκείνων
1674 1891 1795 1952 ταῖς
1830 1890 1994 1953 ἰδίαις

419 1976 736 2046 ἐπιθυμίαις
769 1978 1104 2049 μαχόμενον,
1140 1981 1276 2035 ἀλλὰ
1308 1985 1428 2042 ταῖς
1460 1986 1611 2053 παρὰ
1640 1986 1739 2052 τῆς
1776 1975 1994 2051 φύσεως

421 2070 616 2139 ὁρμαῖς
655 2069 950 2134 ἀκωλύτως
998 2072 1288 2140 ἑπόμενον.
1341 2072 1550 2126 Οὔκουν
1590 2076 1623 2143 ἠ
1675 2075 1776 2143 μὲν
1830 2074 1994 2143 φύσις

420 2163 623 2230 τροφῆς
655 2163 1096 2233 ὑπομιμνήσκει,
1143 2168 1208 2219 τὰ
1241 2166 1297 2219 δὲ
1344 2166 1628 2236 προκρίνει
1672 2168 1851 2236 λιμὸν,
1884 2168 1991 2221 οὐδ’

417 2253 509 2307 ἐπὶ
559 2253 724 2306 ποτὸν
766 2256 911 2323 ἄγει,
944 2255 1013 2308 τὰ
1042 2256 1086 2308 δ’
1136 2258 1372 2326 αἱρεῖται
1409 2258 1590 2327 δίψαν.
1630 2259 1753 2321 Τοῖς
1804 2260 1859 2311 δὲ
1895 2261 1993 2328 τῆς

420 2346 624 2413 μίξεως
655 2350 869 2416 καιροῖς
911 2350 1005 2400 καὶ
1052 2354 1280 2416 νομεῦσι
1318 2351 1409 2404 καὶ
1459 2352 1713 2422 ἀλλήλοις
1742 2354 1993 2422 ἀφόρητα

418 2438 651 2504 γίνεται,
677 2440 771 2493 κιιιὶ⁵
799 2442 891 2494 τὸν
920 2440 1059 2512 πρὸς
1099 2442 1196 2512 τὴν
1223 2443 1437 2509 γένεσιν
1467 2438 1687 2515 οἶστρον
1717 2445 1872 2497 οὐδὲν
1901 2445 1991 2497 οῦ-

416 2548 523 2593 τως
556 2532 797 2600 ἰσχυρὸν,
829 2532 972 2586 ὥστε
1005 2533 1279 2587 κολάσαι·
1312 2533 1493 2587 αἴτιον
1527 2534 1588 2587 δὲ
1621 2534 1681 2587 τὸ
1707 2537 1804 2603 τὴν
1829 2536 1993 2604 φύσιν

416 2624 476 2675 ἐν
497 2623 684 2686 αὐτοῖς
723 2623 1105 2695 χωριζομένην
1141 2626 1237 2678 τοῦ
1282 2626 1442 2694 λόγου
1483 2627 1558 2695 μὴ
1611 2627 1758 2695 ἔχειν
1797 2629 1888 2681 τὸν
1913 2624 1994 2691 οἷς

320 2708 329 2715 ’
413 2716 561 2785 ὁρμᾷ
592 2714 855 2784 πράττειν
881 2719 1281 2787 ὲπιτιμήσοντα
1307 2733 1320 2747 ·
1350 2719 1441 2770 καὶ
1458 2719 1545 2771 διὰ
1576 2719 1735 2772 τοῦτο
1767 2722 1829 2773 ὲκ
1860 2737 1995 2772 παν-

413 2809 504 2869 τὸς
528 2807 598 2860 τὰ
628 2808 830 2878 ἑαυτῆς
888 2807 984 2879 ἔθη
1024 2810 1204 2863 Οέλειν
1241 2811 1692 2879 ἀποπιμπλάναι.
1731 2811 1873 2864 Ἀλλ’
1932 2814 1991 2865 ἐν

413 2898 721 2969 ἀνθρώποις
778 2898 946 2961 πολὺς
989 2900 1129 2970 πρὸς
1172 2902 1302 2964 τοὺς
1340 2902 1441 2971 τῆς
1477 2901 1696 2970 φύσεως
1730 2901 1928 2971 νόμους
1965 2905 1993 2957 ὁ

414 2991 690 3059 πόλεμοςο
728 2990 826 3044 καὶ
878 2991 1075 3045 τούτου
1107 2993 1215 3054 πᾶς
1238 3009 1324 3055 τις
1351 2992 1536 3062 ἑαυτῷ
1583 2994 1893 3064 προσέχων,
1933 2996 1991 3046 ἐν

2028 1753 2071 1809 Β

417 3083 593 3152 ἐαυτῷ
622 3084 743 3136 καίγ
769 3083 984 3154 ἡμέραν
1013 3085 1292 3152 πειρᾶται.
1331 3084 1494 3137 Πόσοι
1520 3085 1841 3155 πλησμονῆς
1871 3087 1991 3138 ἐπι·
2017 3112 2060 3171 C

418 3175 588 3247 θυμία
612 3175 771 3245 λιμὸν
801 3176 1234 3243 ἀντεξάγουσινς
1269 3176 1473 3246 ίατροῖς
1510 3177 1542 3247 ἢ
1579 3176 1917 3246 πειθόμενοι,
1953 3178 1987 3247 ἢ

418 3272 584 3341 σαρκὶ
614 3268 1054 3340 νομοθετοῦντες,
1085 3270 1118 3338 ἢ
1155 3269 1330 3324 ἄλλων
1371 3270 1574 3335 εῖνεκα,
1618 3269 1716 3339 τὴν
1760 3268 1853 3323 τοῦ
1887 3272 1992 3323 σώ-

419 3377 589 3430 ματος
624 3360 1053 3429 παραιτούμενοι
1081 3358 1381 3429 Θεραπείαν
1403 3376 1416 3390 ο
1441 3358 1541 3428 τὴν
1570 3358 1630 3411 δὲ
1662 3359 1763 3427 τῆς
1787 3358 1988 3427 μίξεως

416 3449 618 3519 ὄρεξιν,
653 3449 721 3520 ἢν
743 3449 808 3520 δὴ
838 3438 1312 3519 τυρανῦικώτατον
1335 3449 1500 3515 νόμον
1536 3448 1670 3501 πᾶσι
1702 3451 1812 3510 τοῖς
1831 3447 1991 3512 ζώοις

418 3543 451 3610 ἡ
479 3541 642 3608 φύσις
674 3542 1002 3611 ἐπήνεγκεν,
1030 3538 1178 3593 οὕτω
1200 3538 1347 3601 τινὲς
1378 3537 1759 3604 ἑὸδελύξαντο,
1796 3540 1870 3601 ὡς
1896 3539 1992 3593 καὶ

417 3632 735 3700 γυναικείας
793 3614 973 3703 ὅψεως
1039 3632 1131 3687 διὰ
1182 3631 1342 3686 τοῦτο
1405 3631 1691 3696 παντελῶς
1752 3631 1992 3702 ἀποσχέ-

417 3726 568 3782 σθαι.

1025 3905 1279 3960 ΚΕΦΑιΛ.
1308 3905 1408 3960 lB'.

488 3995 660 4051 Τοῦτο
686 3998 733 4051 δ’
764 3997 929 4051 αὐτοῦ
957 4015 1041 4059 τις
1072 3998 1394 4053 αἰσθάνεται
1428 4000 1717 4064 ποιοῦντος
1738 4002 1835 4053 καὶ
1854 4001 1990 4069 πρὸς

418 4087 609 4157 θυμόν.
641 4080 811 4150 Οὗτος
843 4088 954 4157 γὰρ
990 4087 1080 4141 τὸν
1109 4089 1440 4159 ἠδικημένον
1472 4093 1611 4144 κατὰ
1653 4091 1763 4144 τῶν
1794 4091 1988 4161 ⁴ἠδικη-

417 4182 591 4234 κότων
614 4180 846 4247 ὁπλίζει,
885 4182 979 4233 καὶ
1014 4182 1168 4250 χεῖρα
1196 4181 1469 4248 καὶ.ξίφο;
1497 4183 1819 4247 ἐπενεγκεῖν
1838 4180 1988 4248 αύτῷ

415 4274 694 4343 παραινεῖ,
729 4272 877 4325 ἔνδον
900 4273 957 4326 δέ
990 4290 1134 4334 τινος
1168 4273 1537 4343 ἐπιτιμῶντος
1571 4278 1600 4327 ὁ
1625 4276 1986 4343 κεκινημένος

412 4364 755 4428 αἰσθάνεται,
807 4366 899 4429 καὶ
929 4364 1295 4428 διδάσκοντος,
1330 4366 1405 4425 ὡς
1454 4367 1714 4432 ἐφεκτέον
1750 4366 1849 4434 μὲν
1886 4366 1985 4435 τὴν

2104 512 2322 567 servilia
2353 508 2502 579 facit‘,
2539 515 2766 571 minutis
2805 516 3013 573 inclusa
3054 520 3284 589 legibus.
3311 526 3378 574 At
3420 523 3582 577 homo
3606 526 3688 576 sic

2101 604 2170 658 ab
2214 605 2371 659 initio
2405 606 2675 663 divinitus
2697 607 2765 663 ad
2807 609 3186 679 imperandum
3244 626 3273 664 a
3310 612 3418 665 Ι)εο
3467 624 3693 684 paratus

2101 706 2206 759 est,
2240 705 2297 752 ut
2336 713 2444 752 non
2478 700 2692 755 caeteris
2734 708 2938 756 tantum
2975 716 3207 770 przeesse
3239 703 3387 765 velit,
3421 705 3516 757 sed
3547 704 3689 758 idem

2101 789 2267 843 etiam
2293 790 2582 859 imperium
2607 807 2735 862 erga
2786 795 3143 862 semetipsum
3181 804 3425 862 usurpet,
3461 810 3688 861 praeser-

2103 882 2197 935 tim
2258 897 2381 937 cum
2421 900 2575 939 suam
2610 894 2863 939 naturam
2895 895 3203 940 conservat.
3248 888 3438 955 Itaque
3509 888 3688 940 homi-

2100 988 2201 1027 nes
2231 975 2506 1029 modestos
2544 984 2600 1029 et
2654 976 2950 1044 prudentes
3008 978 3360 1045 appellandos
3402 993 3692 1032 censemus

2099 1080 2215 1128 eos,
2255 1066 2348 1134 qui
2379 1082 2437 1120 se
2473 1067 2574 1135 ipsi
2604 1079 2801 1137 regunt
2829 1077 2886 1121 et
2917 1070 3292 1124 moderantur.
3360 1068 3426 1122 Et
3458 1070 3514 1132 ii,
3556 1086 3683 1124 cum

2099 1156 2201 1225 ipsi
2236 1156 2536 1211 felicissimi
2570 1170 2719 1222 sunt,
2779 1169 2892 1213 tum
2941 1174 3058 1223 eos,
3118 1159 3209 1228 qui
3258 1168 3454 1227 parent
3500 1159 3688 1213 felices

2099 1248 2356 1315 reddunt,
2399 1250 2492 1318 qui
2524 1250 2698 1306 bruta:
2736 1251 2820 1305 sui
2846 1252 3013 1319 parti,
3047 1260 3298 1318 tanquam
3330 1250 3517 1321 populi
3543 1251 3686 1305 mul-

2102 1341 2344 1406 titudiui,
2388 1342 2695 1397 rectissime
2734 1342 3006 1412 imperare
3058 1344 3262 1398 sciunt.
3335 1344 3527 1412 Itaque
3582 1360 3684 1398 nc-

2099 1442 2229 1502 μοι
2270 1434 2522 1488 homines
2556 1435 2784 1497 cordati,
2817 1447 2942 1489 aute
2971 1448 3185 1504 partum
3223 1438 3323 1489 hoc
3365 1436 3685 1503 imperium,

2100 1527 2415 1583 hominibus
2449 1527 2513 1580 ad
2546 1527 2936 1596 rempublicam
2977 1528 3461 1584 administrandam
3519 1543 3681 1582 acce-

2097 1617 2228 1672 dere
2260 1617 2341 1671 fas
2364 1632 2504 1681 esse,
2545 1620 2686 1686 quod
2712 1618 2847 1671 nihil
2898 1618 3144 1686 praeclari
3210 1618 3414 1688 gesturi
3468 1627 3679 1681 essent,

2097 1708 2193 1763 sed
2224 1709 2547 1778 semetipsos
2581 1724 2707 1764 cum
2752 1710 2879 1765 aliis
2929 1710 2983 1764 in
3017 1710 3314 1780 perniciem
3350 1710 3678 1779 conjecturi.

2100 1799 2210 1855 Ilac
2229 1814 2289 1854 re
2323 1799 2488 1855 homo
2525 1801 2593 1855 ab
2636 1801 2784 1854 omni
2825 1801 3188 1856 animantium
3225 1816 3423 1871 genere
3478 1800 3679 1855 distiu-

2093 1891 2279 1961 guitur
2317 1907 2588 1960 :quorum
2612 1893 2821 1946 nullum
2845 1896 3107 1962 reperias,
3144 1894 3293 1963 quod
3356 1893 3473 1948 suis
3528 1894 3681 1962 cupi-

2095 1983 2354 2037 ditatibus
2390 1992 2675 2055 repugnet,
2713 1985 2806 2040 sed
2862 1987 3072 2046 omnia,
3118 1986 3257 2040 citra
3319 1985 3707 2057 impedimen-'

2096 2085 2463 2139 tnm,uaturte
2492 2077 2859 2145 sumimpetus
2913 2092 2972 2131 se
2995 2087 3240 2143 auuutur.
3298 2075 3484 2147 Neque
3552 2090 3682 2129 vero

2095 2183 2219 2222 cum
2262 2177 2455 2222 natura
2505 2178 2691 2236 pastus
2724 2183 2789 2221 ea
2851 2165 3290 2228 commonefacit,
3358 2164 3445 2217 illa
3480 2164 3677 2218 famem

2094 2259 2430 2320 anteferltnt,
2457 2276 2637 2328 neque
2674 2275 2796 2314 cum
2836 2260 2904 2312 ad
2939 2268 3124 2328 potum
3166 2258 3335 2320 ducit,
3368 2258 3500 2326 'ipsa
3529 2257 3679 2311 sitire

2095 2353 2321 2407 malunt.
2358 2352 2625 2420 Tempore
2663 2361 2847 2405 autem
2911 2350 3120 2404 coituS'
3154 2360 3209 2404 et
3268 2349 3580 2420 pastoribus
3626 2360 3680 2402 et

2093 2446 2195 2499 sibi
2221 2444 2353 2512 ipsis
2382 2444 2746 2497 intolerabilia
2773 2451 2939 2496 sunt:
2967 2443 3371 2509 stimulumque
3397 2440 3545 2493 illum
3568 2455 3678 2508 quo

2097 2538 2161 2589 all
2192 2535 2626 2604 procreationem
2671 2534 2944 2599 feruntur,
2989 2533 3136 2586 nulla
3174 2532 3253 2587 vis
3303 2544 3557 2585 coercere
3583 2546 3680 2599 po-

2097 2634 2222 2679 test.
2262 2626 2319 2679 Iu
2362 2641 2527 2680 causa
2558 2624 2689 2678 illud
2714 2633 2820 2688 est,
2853 2624 2996 2693 quod
3023 2639 3212 2677 eorum
3239 2632 3458 2684 natura,
3513 2624 3678 2675 ratio.

2072 2715 2180 2768 'nis
2208 2730 2424 2783 expers,
2464 2729 2570 2768 non
2637 2713 2803 2768 habet
2867 2711 3014 2783 quod
3070 2713 3344 2781 appetitus
3406 2710 3679 2765 incitatio-

2095 2821 2220 2860 nem
2296 2805 2730 2873 reprehendat:
2784 2804 3013 2873 ideoque
3096 2803 3377 2857 libidinem
3481 2802 3677 2872 quovis

2095 2900 2256 2952 modo
2287 2897 2507 2965 explere
2540 2896 2781 2951 student.
2841 2895 3169 2950 Hominibus
3190 2906 3373 2949 autem
3416 2910 3672 2962 magnum

2094 3000 2219 3039 cum
2245 2994 2456 3041 natura:
2496 2986 2705 3055 legibus
2733 2985 2931 3039 bellum
2963 2992 3087 3039 est:
3117 2987 3270 3055 cujus
3323 2985 3399 3038 rei
3444 2985 3678 3054 quililwt

2096 3076 2448 3144 semetipsum
2489 3077 2812 3138 observans,
2840 3075 2893 3129 in
2927 3091 3048 3131 sese
3080 3077 3321 3144 quotidie
3361 3076 3670 3145 periculmu

2093 3167 2242 3222 facit.
2280 3168 2452 3233 Quam
2481 3168 2637 3221 multi
2672 3167 2988 3236 repletiouis
3012 3167 3298 3236 cupiditati
3333 3167 3529 3222 famem
3578 3184 3676 3237 0p-

2093 3257 2473 3323 pouunt?sive
2503 3255 2727 3310 medicis
2781 3258 3256 3323 obtemperantes,
3305 3255 3419 3308 sive
3452 3268 3677 3306 carnem

2094 3354 2435 3410 coercentes,
2459 3346 2574 3401 sive
2609 3345 2733 3399 aliis
2765 3344 2834 3398 dc
2869 3343 3048 3400 causis
3087 3343 3427 3398 curationem
3473 3358 3671 3411 corpo-

2094 3440 2169 3493 ris
2205 3438 2572 3507 repudiantes.
2633 3436 3039 3506 Appetitiouem
3087 3451 3219 3489 vero
3286 3436 3360 3488 rei
3398 3450 3669 3498 venerem,

2092 3544 2253 3596 quam
2291 3536 2485 3581 natura
2525 3527 2780 3581 omnibus
2808 3515 3182 3580 animantibus
3239 3528 3415 3580 instar
3472 3525 3673 3579 violen-

2095 3620 2318 3675 tiSsimre
2358 3620 2494 3691 legis
2525 3618 2745 3683 indidit,
2788 3619 2924 3674 adeo
2951 3618 3172 3688 quidam
3236 3616 3487 3673 detestati
3521 3626 3673 3680 sunt,

2093 3721 2154 3767 ut
2184 3711 2385 3766 idcirco
2413 3710 2633 3781 penitus
2657 3709 2823 3765 etiam
2858 3714 3154 3780 aspectum;
3185 3706 3509 3763 feminarum
3543 3709 3672 3764 abo-

2096 3799 2282 3854 minati
2308 3801 2438 3856 siut.

2696 3904 2926 3960 CAPUT
2977 3904 3094 3958 ΧΗ.

2159 3997 2301 4052 Idem
2338 4008 2388 4052 te
2429 3998 2605 4053 facere
2665 3999 2869 4052 sentias
2932 4006 2986 4052 et
3034 4006 3223 4051 contra
3278 3998 3667 4053 iracundiam:

2092 4103 2213 4156 qua:
2242 4087 2438 4156 injuria
2465 4088 2795 4154 lacessitum,
2833 4088 3095 4142 adversus
3128 4104 3223 4140 eus
3262 4089 3351 4154 qui
3385 4089 3669 4150 laeserunt.

2090 4186 2279 4241 armat,
2316 4192 2551 4245 eumque
2617 4187 2820 4238 mouet,
2870 4186 2928 4231 et
2982 4177 3235 4231 manibus
3265 4186 3317 4232 et
3371 4179 3562 4247 gladiis
3614 4178 3668 4231 iu

2090 4281 2185 4320 eos
2219 4268 2528 4321 irrttendum
2554 4284 2673 4322 esse.
2707 4287 2720 4323 :
2757 4269 2986 4322 interius
3007 4279 3188 4322 autem
3226 4271 3270 4322 is
3301 4271 3393 4338 qui
3432 4271 3501 4323 ita
3534 4285 3667 4322 coit-

2090 4358 2287 4412 citatus
2316 4360 2736 4428 est,quemdum
2793 4362 3170 4430 objurgautem
3233 4362 3415 4423 sentit,
3468 4362 3670 4416 docen-

414 4458 606 4524 ὀργὴν,
644 4454 856 4527 ἀμύνης
879 4456 937 4509 δὲ
976 4458 1242 4526 ἀφεκτέον
1269 4471 1282 4485 ⁸
1316 4457 1412 4509 καὶ
1437 4458 1737 4525 φυλακτέον
1766 4459 1864 4528 μὲν
1886 4459 1984 4521 τὰς

2094 4456 2331 4519 lemque,
2363 4460 2417 4504 et
2447 4452 2847 4520 reprimendum
2879 4469 3000 4506 esse
3047 4453 3204 4516 iram,
3249 4462 3302 4505 et
3342 4453 3411 4506 ab
3461 4452 3669 4506 ultione

412 4548 524 4599 τῶν
572 4547 821 4611 λεόντων,
877 4548 972 4600 καὶ
1024 4549 1264 4619 ἄρκτων,
1324 4551 1420 4602 καὶ
1472 4550 1618 4604 συῶν
1661 4549 1981 4620 ὁμοιώσεις,

411 4640 797 4710 ἀναχωρητέον
832 4640 891 4693 δὲ
924 4641 1017 4693 ἐπὶ
1048 4641 1138 4693 τὸν
1174 4640 1488 4711 ἄνθρωπον,
1529 4642 1623 4694 καὶ
1672 4642 1734 4695 τὸ
1772 4641 1866 4696 τοῦ
1896 4642 1987 4695 λό-

414 4746 516 4795 γου
570 4729 790 4798 μέτρον,
836 4731 933 4783 καὶ
964 4730 1063 4799 τὴν
1102 4730 1544 4800 εὐσχημοσύνην.
1584 4732 1693 4787 Καὶ
1729 4732 1987 4786 τοσοῦτον

416 4816 554 4886 αὕτη
590 4817 851 4881 πολλάκις
875 4821 908 4888 ἠ
938 4821 1256 4889 ἐπιτίμησις
1290 4822 1534 4889 ἴσχυσεν,
1571 4819 1710 4874 ὥστε
1744 4821 1836 4874 τὸν
1898 4822 1989 4874 θυ-

419 4909 519 4973 μὸν
559 4909 824 4975 σϐέσασα,
860 4910 1046 4964 ἔπεισε
1095 4911 1188 4964 τὸν
1236 4911 1612 4964 ἐλαττωοέντα
1639 4913 1708 4966 τὰ
1750 4912 1860 4965 τῶν
1900 4931 1990 4981 φι-

413 4998 653 5052 λούντων
678 5000 813 5068 προς
845 4999 935 5052 τὸν
971 5001 1313 5055 πλεονεκτεῖν
1356 5002 1683 5072 βουλῦμενον
1711 5002 1986 5068 ἐπιδείξα-

413 5090 565 5142 σθαι.
603 5091 713 5144 Καὶ
742 5090 890 5143 ἔστιν
926 5090 1116 5163 ῶσπερ
1137 5096 1358 5148 εἰκάσαι
1391 5096 1459 5149 τὰ
1481 5095 1621 5148 κατὰ
1654 5095 1746 5148 τὸν
1776 5095 1987 5164 ἄνθρω-

412 5198 517 5236 πον
545 5184 699 5236 πόλει
733 5188 1033 5254 παρόμοια,
1078 5188 1136 5238 ὲν
1168 5179 1215 5253 ᾧ
1242 5187 1400 5255 λόγος
1440 5190 1536 5241 καὶ
1577 5188 1760 5256 φύσις,
1794 5186 1987 5258 ὥσπερ

412 5277 532 5329 ἐκεῖ
564 5277 750 5346 ἄρχων
782 5279 876 5329 καὶ
905 5278 1135 5333 ἰδιῶται.
1172 5280 1284 5333 Καὶ
1317 5280 1591 5350 βασιλεύει
1622 5281 1722 5349 μὲν
1750 5283 1776 5333 ό
1805 5280 1984 5348 λόγος,

412 5367 611 5433 ἄγεται
644 5369 702 5420 δὲ
736 5369 769 5439 ἡ
795 5368 977 5436 φύσις.
1013 5370 1123 5423 Καὶ
1151 5371 1315 5439 νόμος
1348 5365 1501 5433 οὗτος
1530 5372 1682 5439 παρὰ
1711 5370 1848 5425 Θεοῦ
1876 5374 1989 5435 τοῖς

414 5457 708 5523 μέλλουσιν
760 5461 993 5530 εὐδαιμό
1029 5479 1104 5521 ως
1146 5461 1466 5531 βιώσεσθαι,
1503 5461 1696 5532 μηδενὶ
1744 5463 1894 5533 παρὰ
1928 5463 1988 5514 τὸ

411 5546 494 5617 τῷ
522 5548 665 5619 λόγῳ
710 5551 900 5604 δοκοῦν
946 5554 1006 5605 ἐν
1048 5554 1217 5607 πᾶσιν
1266 5555 1588 5623 ἐπιχειρεῖν.
1639 5553 1828 5615 Οὐδεὶς
1871 5549 1985 5617 οὖν,

409 5639 566 5702 ὅστις
592 5639 691 5693 οὐκ
712 5642 770 5694 ὲν
806 5643 985 5711 ἐαυτῷ
1015 5646 1113 5714 τῆς
1151 5646 1418 5714 διαφορᾶς
1456 5645 1660 5713 ταύτης
1704 5646 1986 5716 πειρᾶται,

407 5729 489 5794 ὡς
519 5732 647 5788 ἄλλο
678 5734 776 5803 μὲν
803 5738 860 5790 ἐν
891 5739 1021 5809 ἡμῖν
1056 5739 1083 5791 ὁ
1105 5738 1282 5808 λόγος,
1309 5739 1435 5793 ἄλλο
1467 5740 1520 5792 δὲ
1558 5741 1587 5810 ἡ
1616 5738 1708 5792 τοῦ
1736 5738 1986 5808 σώματος

2090 4541 2469 4596 abstinendum
2501 4559 2515 4593 :
2551 4553 2601 4597 et
2634 4546 2957 4605 cavendum.
3011 4553 3123 4597 tum
3166 4559 3235 4597 ne
3270 4544 3542 4602 leonibus.
3575 4558 3668 4597 aut

2092 4631 2252 4695 ursis,
2291 4641 2385 4686 aut
2410 4634 2555 4701 apris
2606 4633 2812 4687 similes
2850 4634 3058 4699 liamus,
3118 4643 3228 4686 tum
3259 4632 3327 4685 ad
3389 4632 3668 4685 hominem

2091 4731 2147 4777 et
2170 4724 2394 4777 rationis
2420 4724 3004 4794 regulam,ipsmnquc
3068 4704 3348 4788 decorum,
3412 4739 3531 4778 esse
3580 4740 3668 4777 re-

2091 4815 2391 4879 deundum.
2435 4816 2512 4871 Ac
2546 4819 2658 4870 Iure
2691 4817 2992 4887 objurgatio
3044 4831 3186 4886 saepe
3233 4824 3439 4870 tantum
3502 4815 3666 4875 valet,

2091 4916 2153 4961 ut
2181 4907 2375 4962 ardore
2410 4908 2698 4971 exstincto,
2726 4923 2849 4961 eum
2878 4907 2969 4976 qui
3009 4911 3262 4961 damnum
3309 4907 3456 4970 fecit,
3491 4907 3598 4962 add
3623 4926 3669 4957 ι-

2094 5001 2248 5062 xerit,
2277 5010 2335 5055 ut
2359 5015 2542 5054 amore
2571 5008 2885 5070 complexus
2919 5000 2989 5053 sit
3019 5016 3167 5064 eum,
3214 5001 3307 5069 qui
3346 5000 3451 5054 vim
3490 5012 3540 5054 et
3584 5002 3667 5054 iu-

2086 5092 2288 5161 juriam
2320 5094 2503 5148 facere
2552 5093 2741 5149 νυιιιίι.
2803 5095 2878 5147 Ac
2907 5094 3189 5147 hutniuum
3250 5093 3490 5148 conditio
3545 5093 3667 5147 urbi

2090 5186 2490 5255 quodammodo
2523 5187 2821 5256 comparari
2848 5196 3047 5256 potest.
3078 5187 3211 5240 Nam
3245 5186 3289 5239 is
3312 5186 3577 5249 rationem
3615 5194 3669 5239 et

2091 5289 2339 5332 naturam
2382 5279 2565 5345 habet,
2609 5280 3059 5348 quemadmodum
3110 5278 3196 5331 illa
3236 5276 3580 5346 magistratus
3614 5284 3668 5329 rt

2090 5371 2324 5441 plebem.
2350 5373 2428 5425 Ac
2453 5372 2589 5426 ratio
2615 5372 2835 5442 quidem
2895 5382 3103 5442 regnat,
3138 5381 3328 5425 natura
3362 5378 3531 5439 paret.
3601 5367 3666 5420 Et

2090 5464 2208 5518 luce
2244 5465 2324 5518 lex
2370 5481 2398 5516 ιι
2433 5464 2541 5519 Deo
2573 5465 2639 5519 is
2674 5467 2883 5520 sancita
2919 5475 3026 5529 est,
3066 5465 3157 5535 qui
3189 5464 3374 5517 felices
3424 5471 3554 5515 sunt
3578 5460 3664 5513 fu-

2093 5552 2220 5620 turi,
2276 5562 2335 5605 ut
2388 5554 2522 5607 nihil
2555 5554 2801 5607 omnium
2863 5570 3042 5607 rerum
3097 5552 3499 5622 aggrediantur,
3559 5549 3664 5604 nisi

2091 5648 2232 5715 quod
2261 5645 2452 5699 rationi
2485 5657 2913 5701 consentaneum
2952 5656 3056 5700 est.
3118 5646 3306 5713 Neque
3338 5659 3460 5696 vero
3510 5641 3666 5712 quis—

2090 5754 2251 5806 quam
2280 5746 2384 5804 est,
2412 5737 2537 5803 quin
2575 5739 2677 5793 hoc
2706 5739 2757 5793 in
2788 5754 2843 5794 se
2880 5737 3167 5794 discrimen
3197 5734 3425 5791 animad
3430 5742 3663 5795 vertens,
