4070 6456
581 282 714 349 1191

574 493 728 562 poris
756 493 1025 563 intelligat
1057 511 1073 549 :
1103 511 1167 549 ac
1195 497 1343 551 illam
1378 499 1601 568 quidem
1660 505 1817 573 quasi
1844 506 1992 575 leges
2024 523 2164 578 pra:-

573 583 819 637 scribere
857 593 914 638 et
934 584 1160 653 ducere,
1189 587 1333 643 hanc
1351 591 1507 658 quasi
1541 595 2163 665 obtemperareetduci.

577 673 732 738 Qum,
756 674 806 727 si
830 690 896 728 eo
929 687 1210 746 sequatur,
1244 695 1356 750 quo
1386 681 1475 736 illa
1502 693 1735 753 spectat,
1757 701 1789 740 a
1821 688 2033 745 ratione
2062 706 2165 747 cu-

519 812 523 817 .
574 775 751 830 ratur,
789 777 1045 836 tanquam
1071 773 1260 836 mulae,
1287 789 1409 842 quae
1436 775 1492 829 in
1538 775 1738 833 itinere
1793 777 2065 845 faciendo,
2108 790 2166 837 et

575 858 807 913 sarcinis
831 859 1071 916 ferendis
1099 864 1257 919 nobis
1283 880 1503 935 operam
1554 880 1783 926 navant.
1839 873 1937 928 Sin
1997 890 2165 945 repu-

575 959 726 1018 gnet,
753 958 811 1006 et
840 966 965 1006 cum
995 953 1140 1010 illius
1169 956 1348 1012 oﬂieio
1391 974 1552 1013 suum
1586 977 1788 1018 munus
1837 966 2163 1033 confundat,

575 1050 689 1094 tmn
721 1059 849 1098 vero
864 1046 1017 1111 ratio
1035 1062 1197 1101 suum
1223 1049 1277 1102 in
1298 1064 1499 1117 corpus
1526 1063 1582 1107 et
1619 1069 1706 1108 res
1730 1071 2026 1126 corporeas
2064 1061 2165 1115 do-

575 1139 840 1192 minatum
879 1151 1069 1209 aperte
1120 1144 1382 1208 ostendit,
1438 1148 1887 1218 prehensumque
1937 1166 2160 1224 corpus,

578 1240 831 1299 tanquam
858 1231 1146 1301 fugitivum
1201 1251 1441 1305 servum,
1501 1238 1647 1296 latine
1673 1241 1905 1311 primum
1967 1254 2021 1299 et
2073 1247 2163 1301 sitl

572 1322 804 1393 aliisque
832 1326 1092 1381 aerumnis
1124 1329 1341 1397 pungit.
1373 1330 1602 1397 Deinde,
1628 1333 1732 1388 nisi
1764 1346 1889 1403 post
1921 1340 2164 1410 castiga-

573 1414 778 1469 tionem
806 1432 837 1471 a
865 1422 1214 1475 contumacia
1242 1424 1555 1489 recesserit,
1599 1434 1714 1480 tum
1743 1443 1897 1495 vero,
1945 1430 2165 1485 iracun—

572 1507 659 1585 dia
691 1516 948 1579 tanquam
971 1512 1120 1567 socia
1159 1525 1354 1571 contra
1388 1516 1579 1572 hostes
1592 1519 1874 1587 adhibita,
1902 1523 2162 1579 acerbum

572 1602 817 1671 corporis
854 1606 1091 1661 vesaniae
1121 1608 1450 1677 supplicium
1500 1610 1743 1684 inﬂigit:
1774 1629 1878 1670 nec
1924 1631 2162 1685 parcen-

573 1692 705 1747 dum
737 1707 927 1751 censet
966 1694 1017 1752 οι
1063 1693 1297 1766 diutius,
1360 1701 1639 1758 adversari
1696 1720 1805 1761 non
1862 1706 2160 1763 dubitanti.

576 1787 763 1851 Itaque
796 1789 881 1841 vel
905 1804 1018 1871 per
1043 1792 1342 1861 praecipitia
1371 1794 1561 1864 dejicit
1587 1812 1601 1847 :
1629 1806 1687 1851 et
1737 1798 2013 1855 hominem
2057 1802 2160 1856 sibi
2191 1776 2238 1836 Β

573 1894 772 1935 manus
796 1882 992 1938 aﬂ‘erre
1017 1885 1182 1955 cogit.
1211 1884 1368 1952 Quod
1415 1888 1888 1949 evidentissimum
1947 1896 2161 1966 signum

572 1982 679 2034 est,
728 1974 971 2029 animum
1033 1978 1261 2035 rationis
1292 1983 1612 2053 participem
1669 2001 1777 2041 non
1836 2002 1866 2043 a
1934 2002 2164 2058 corpore

572 2069 785 2153 tantum
818 2065 1093 2122 diversum
1120 2084 1260 2136 esse,
1294 2074 1387 2128 sed
1415 2075 1581 2130 etiam
1608 2076 1892 2134 dominum
1923 2097 1937 2135 :
1966 2090 2023 2136 et
2047 2083 2165 2152 qui-

571 2153 696 2207 dem
712 2171 779 2209 eo
808 2172 1000 2228 usque,
1027 2170 1086 2215 ut
1106 2166 1272 2217 etiam
1297 2168 1510 2232 perdat.
1543 2168 1661 2224 Non
1685 2172 1856 2237 enim,
1881 2172 1982 2228 nisi
2013 2175 2163 2232 aliud

573 2246 833 2314 quiddam
898 2261 1067 2316 esset,
1138 2257 1379 2323 puniret,
1438 2274 1618 2329 neque
1677 2277 1778 2331 per
1823 2264 2161 2321 iracundiam

572 2337 869 2392 occideret.
897 2338 1054 2405 Quod
1092 2343 1140 2397 si
1178 2346 1309 2413 quid
1341 2362 1668 2418 corporeum
1707 2352 1764 2406 in
1790 2353 1951 2408 nobis
1985 2354 2166 2410 domi-

573 2438 830 2498 naretur,
870 2445 1072 2503 corpus
1102 2435 1169 2491 ad
1207 2451 1423 2507 necem,
1479 2456 1605 2497 cum
1633 2442 1810 2499 visum
1844 2457 2011 2511 esset,
2055 2463 2165 2504 non

570 2525 991 2581 condemnaret.
1011 2526 1198 2599 Neque
1224 2533 1369 2587 enim
1395 2535 1694 2606 quidquam
1725 2553 1849 2596 sese
1889 2542 2164 2610 perditum

575 2615 748 2684 cupit,
780 2625 945 2685 atque
967 2620 1105 2676 adeo
1133 2636 1203 2676 ne
1238 2625 1381 2680 vires
1408 2627 1627 2697 quidem
1657 2640 1850 2687 contra
1880 2647 1941 2688 se
1971 2633 2162 2691 habet.

576 2702 774 2762 Omnia
804 2710 951 2765 enim
982 2726 1084 2783 pro
1105 2714 1313 2773 viribus
1343 2732 1402 2774 se
1451 2721 1593 2775 tueri
1633 2726 1877 2788 student,
1941 2735 1999 2782 et
2041 2744 2167 2784 cum

576 2799 645 2854 iis
674 2815 796 2869 quae
822 2802 1054 2859 salutem
1093 2807 1408 2875 prohibent,
1461 2810 1922 2874 irreconciliabile
1960 2818 2166 2887 bellum

578 2903 798 2963 gerunt.
823 2893 1004 2961 Quare
1020 2899 1064 2952 si
1094 2899 1260 2954 homo
1307 2902 1444 2957 nihil
1492 2916 1693 2974 praeter
1718 2922 1921 2979 corpus
1951 2918 2008 2965 et
2035 2926 2166 2965 sen-

579 2996 701 3036 sum
761 2996 927 3049 esset,
982 3002 1174 3044 omnes
1218 2991 1470 3049 homines
1508 2998 1755 3065 corporis
1803 3001 2168 3071 appetitiones

579 3089 965 3144 sequerentur,
989 3090 1153 3151 atque
1178 3083 1231 3137 in
1263 3085 1316 3139 id
1349 3087 1525 3142 solum
1554 3090 1821 3155 studeret,
1870 3094 1997 3147 utei
2034 3095 2170 3149 bene
2199 3118 2244 3179 ρ

578 3181 748 3231 esset.
778 3172 980 3226 bellum
1016 3190 1145 3231 vero
1176 3192 1301 3231 cum
1348 3180 1468 3249 ejus
1530 3182 1907 3252 voluptatibus
1958 3185 2173 3241 nullum

578 3277 746 3319 esset.
808 3266 1000 3336 Neque
1046 3283 1135 3323 res
1169 3286 1291 3340 quae
1351 3286 1573 3328 sensu-nt
1629 3277 1925 3344 excedunt,
2001 3294 2175 3350 expe-

582 3359 856 3426 threntur,
908 3359 1005 3415 sed
1063 3360 1484 3431 deSpicerentur
1507 3374 1565 3420 et
1595 3379 2101 3426 contemnerentur.

1186 3453 1420 3512 CAPUT
1475 3456 1613 3515 Xlll.

650 3544 730 3598 Ac
769 3544 998 3600 forsitan
1028 3547 1150 3602 sine
1173 3536 1709 3621 necessaria2causa,
1732 3562 1944 3609 tantum
1970 3553 2172 3611 verbo-

580 3652 704 3690 runt
750 3636 945 3695 fecisse
973 3641 1300 3710 quibusdam
1329 3644 1539 3712 ridear,
1566 3660 1691 3701 cum
1726 3656 1970 3711 constet,
1997 3648 2177 3703 homi-

585 3744 708 3784 nem
737 3733 912 3801 majus
945 3734 1149 3805 aliquid
1174 3752 1335 3803 quam
1358 3753 1561 3808 corpus
1605 3749 1701 3793 aut
1749 3754 2019 3810 corporea
2074 3742 2176 3797 ha-

581 3821 734 3890 bere,
766 3825 928 3895 idque
953 3841 1076 3883 esse
1116 3829 1404 3889 rationem.
1459 3846 1569 3901 qua
1599 3840 1797 3886 cuncta
1836 3831 2171 3899 consideret,

581 3926 639 3972 et
660 3917 941 3988 dijudicet,
995 3931 1053 3975 et
1091 3931 1336 3992 peragat,
1403 3932 1460 3977 et
1523 3923 1589 3977 ad
1645 3923 1951 3995 legitimum
2006 3926 2172 3982 linem

582 4026 813 4081 quaeque
838 4011 1075 4078 referat;
1112 4014 1209 4068 sed
1229 4012 1414 4084 hujus,
1448 4029 1520 4068 ne
1542 4013 1778 4070 aliorum
1801 4017 2022 4087 quidem
2052 4019 2174 4095 ani-

584 4102 853 4156 mantium
883 4110 1139 4157 naturam
1171 4112 1456 4173 expertem
1487 4118 1644 4172 esse;
1695 4121 1823 4161 nam
1849 4108 1940 4162 illa
1977 4109 2169 4177 videri,

582 4191 827 4246 ollicium‘
851 4208 1009 4247 suum
1056 4202 1206 4250 certa
1267 4194 1480 4250 ratione
1515 4196 1715 4266 facere,
1764 4209 1819 4255 et
1872 4201 2175 4273 cujuslibet

582 4285 814 4339 aetionis
851 4294 1068 4340 certum
1105 4286 1208 4340 sibi
1239 4288 1401 4342 linem
1431 4293 2172 4365 praestituere.Nequeenim

586 4376 636 4431 id
694 4386 941 4447 agerent,
1008 4378 1109 4431 nisi
1161 4380 1373 4435 ratione
1430 4382 1498 4436 ad
1562 4384 1725 4440 linem
1793 4388 2170 4442 ducerentur:

1846 299 2233 363 DEMETRH
2274 307 2590 371 CYDON'II

573 401 721 457 aliud
753 400 809 456 in
833 401 996 457 nobis
1030 416 1152 459 esse
1181 404 1471 473 rationem,
1541 407 1688 464 aliud
1726 422 1976 470 naturam
2038 432 2160 474 cor-

2272 420 2456 489 φύσις.
2491 422 2600 477 Καὶ
2647 425 2710 479 τὸ
2739 427 2841 497 μὲν
2872 425 2986 484 οἷον
3038 432 3097 486 ὲν
3145 434 3278 505 ἡμῖν
3317 439 3613 507 νομοθετεῖν
3638 464 3689 500 τε

3682 326 3793 393 1192

2272 455 2456 489 Vw“.
2493 455 2600 477 ιὶυιι
2647 455 2710 479 -ιυ
2739 455 2841 497 μεν
2872 455 2986 484 ozov
3038 455 3097 486 εν
3145 455 3278 505 ημιν
3317 455 3613 507 νομοθετεῖν
3638 464 3689 500 τε
3715 455 3795 509 καὶ

2269 513 2456 581 ἄγειψ
2516 517 2578 570 τὸ
2606 517 2662 572 δὲ
2702 515 2816 574 οἷον
2875 522 3127 579 ὑπείκειν
3182 528 3276 581 καὶ
3336 529 3597 599 ἀγεσθσισ
3655 540 3791 613 ὅπερ,

2268 606 2536 676 ἑπόμενον
2577 612 2697 681 μὲν,
2736 614 2876 685 πρὸς
2914 618 3060 688 ἅπερ
3111 619 3286 674 ἐκεῖνο
3324 629 3530 687 σκοπεῖ.
3563 629 3658 699 τῆς
3686 606 3794 705 παρ’

2266 700 2434 754 αὐτοῦ
2481 707 2744 775 τυγχάνει
2808 712 3104 779 προνοίας·
3134 712 3325 786 ὥσπερ
3366 718 3472 796 τῶν
3510 721 3723 792 ἡμιόνων
3749 730 3794 780 al

2268 796 2408 862 πρὸς
2438 794 2541 866 τὴν
2566 797 2883 871 ὁδοιπορίαν
2902 803 3033 872 ἡμῖν
3061 806 3154 859 καὶ
3171 806 3248 861 τὰ
3272 794 3409 880 ἄχθη
3436 810 3791 877 λυσιτελούσαι.

2270 886 2371 940 "Av
2396 886 2443 940 δ’
2472 888 2754 962 ἀντιλέγῃ.
2783 895 2878 947 καὶ
2905 898 3020 959 τοῖς
3045 899 3175 969 παρ’
3208 901 3409 971 ἑαυτῆς
3441 904 3506 958 τὰ
3539 911 3658 977 παρ’
3678 911 3796 962 ὲκεί-

2268 996 2359 1033 νου
2387 983 2593 1055 συγχέῃ
2613 1023 2628 1049 ,
2660 984 2897 1040 ἐνταῦθα
2927 989 3201 1045 δείκνυται
3225 996 3477 1064 καθαρῶς
3496 998 3527 1067 ή
3549 998 3635 1052 τοῦ
3661 1000 3795 1069 λόγου

2268 1072 2406 1142 πρὸς
2427 1073 2489 1126 τδ
2509 1075 2668 1145 σῶμα
2690 1078 2872 1132 καὶτὰ
2896 1086 3187 1153 σωματικά
3205 1086 3508 1145 δεσποτεία.
3522 1091 3796 1162 Δαϐόμενος

2267 1164 2400 1235 γὰρ,
2442 1166 2634 1239 ὥσπερ
2681 1172 2831 1236 τινος
2880 1174 3153 1244 δραπέτου
3181 1179 3371 1234 δούλου
3392 1224 3408 1248 ,
3442 1183 3532 1237 τοῦ
3561 1184 3795 1255 σώματος,

2268 1258 2486 1327 πρῶτον
2531 1259 2630 1329 μὲν
2653 1261 2834 1329 ἔστιξε
2865 1265 3010 1337 λιμῷ
3047 1271 3144 1323 καὶ
3190 1271 3458 1345 δὲψῃ,καὶ
3501 1279 3614 1340 ταῖς
3638 1276 3796 1341 ἄλλαις

2267 1349 2698 1415 κακοπαθείαις·
2739 1352 2911 1409 ιπειτ“
2931 1393 2949 1420 ,
2978 1356 3044 1411 ἂν
3083 1358 3159 1432 μὴ
3207 1363 3570 1433 σωφρονισθὲν
3596 1366 3684 1435 τῆς
3716 1368 3796 1420 αὕη

2268 1436 2490 1504 θαξείας
2530 1442 2863 1516 ἀπόσχηται,
2891 1448 3017 1503 τότε
3047 1450 3112 1521 δὴ
3144 1453 3235 1506 τὸν
3286 1453 3477 1524 θυμὸν,
3497 1454 3670 1527 ὥσπερ
3698 1458 3795 1510 τινὰ

2268 1530 2410 1585 κατά
2450 1534 2727 1601 πολεμίων
2756 1536 2819 1590 σύ
2829 1555 3068 1610 μμαχον,
3099 1543 3129 1595 δ
3157 1543 3423 1615 λογισμὸς
3447 1548 3796 1618 προσπαραλα-

2269 1621 2401 1689 σὼν,
2433 1626 2634 1697 πικρὸς
2658 1626 2757 1699 τῆς
2783 1627 2879 1683 τοῦ
2914 1629 3171 1703 σώματος
3199 1637 3591 1710 ἀγνωμοσύνης
3617 1640 3796 1707 γίνεται

2267 1714 2562 1787 κολαστὴς,
2586 1718 2689 1773 οὐκ
2737 1720 2818 1775 ἔτι
2876 1721 3046 1788 ἀξιῶν
3076 1727 3355 1795 φείδεσθαι
3386 1730 3479 1784 τοῦ
3526 1730 3794 1802 τολμῶντος

2266 1806 2669 1863 ἐναντιοῦσθαι.
2705 1811 2856 1866 Ἵλατ’
2887 1813 2919 1883 ἢ
2951 1816 3094 1871 κατὰ
3137 1820 3406 1889 κρημνῶν
3459 1814 3612 1886 ὦσεν,
3640 1822 3669 1891 ἢ
3701 1822 3797 1893 βρό-

2264 1912 2359 1965 χον
2410 1895 2642 1967 ἀνῆψεν,
2683 1900 2714 1972 ἦ
2764 1899 2918 1971 ξίφος
2941 1905 3270 1975 ἐπήνεγκεν,
3306 1910 3595 1980 αὐτόχειρα
3618 1909 3697 1963 τὸν
3726 1909 3796 1963 ἄν·

2267 1985 2486 2056 θρωπον
2509 1990 2832 2059 ἀναγκάσας
2869 1995 3125 2062 γενέσθαι
3149 2015 3163 2029 ·
3193 1998 3222 2053 ὃ
3255 2001 3635 2072 φανερώτατον
3657 2002 3712 2055 ἂν
3730 2004 3791 2069 eli]

2266 2081 2469 2152 δεῖγμα
2498 2083 2595 2136 τοῦ
2636 2085 2737 2155 τὴν
2768 2085 2996 2157 λογικὴν
3034 2090 3215 2161 ψυχὴν
3245 2092 3309 2145 ού
3349 2094 3511 2163 μόνον
3534 2093 3700 2164 ἕτερον
3720 2091 3790 2144 τοῦ

2269 2169 2526 2242 σώματος
2556 2168 2721 2243 εἶναι,
2751 2176 2888 2231 ἀλλὰ
2930 2179 3025 2231 καὶ
3049 2178 3364 2248 δέσποιναν,
3408 2183 3500 2236 καὶ
3534 2184 3621 2238 ἐπὶ
3646 2180 3784 2235 τοσοῦ-

2266 2279 2377 2329 τον,
2408 2263 2549 2317 ὥστε
2582 2268 2677 2320 καὶ
2702 2268 3021 2324 ἀπολλύναι.
3045 2271 3122 2325 Οὐ
3141 2273 3248 2342 γὰρ
3272 2272 3366 2339 ἂν,
3394 2274 3448 2326 εἴ
3470 2290 3533 2342 γε
3561 2274 3632 2346 μὴ
3648 2275 3781 2343 ἓτερον

2266 2347 2358 2423 ἦν,
2393 2355 2655 2423 ἠμύνετο,
2705 2356 2818 2409 οὐδ’
2869 2357 2937 2411 ἂν
2967 2358 3260 2413 ἀπέκτεινε
3291 2361 3613 2432 χολωθεῖσα.
3654 2357 3787 2416 limiti

2267 2462 2320 2498 τι
2345 2445 2454 2498 τῶν
2487 2447 2820 2517 σωματικῶν
2840 2449 2903 2502 ὲν
2932 2451 3064 2520 ἡμῖν
3106 2451 3299 2522 κύριον
3330 2450 3420 2526 ἦν,
3449 2454 3549 2507 ούκ
3572 2454 3632 2508 ἂν
3666 2453 3790 2507 θάνε-

2266 2550 2363 2588 τον
2391 2536 2485 2589 τοῦ
2520 2536 2795 2606 σώματος,
2848 2540 2939 2593 ὅτε
2973 2540 3169 2609 ἐδόκει,
3201 2544 3621 2616 κατεψηφίζετο.
3660 2542 3792 2597 Οὐδὲν

2268 2627 2381 2697 γὰρ
2410 2625 2477 2680 ἂν
2510 2628 2675 2681 ἑαυτὸ
2701 2630 2963 2685 ἀπολλύοι
2985 2649 3002 2665 ο
3029 2632 3155 2687 ἐπεὶ
3184 2632 3312 2704 μηδ’
3341 2635 3488 2689 ἔστιν
3522 2635 3661 2707 ίσχὺς
3683 2631 3795 2701 αὐτῷ
3844 2705 3855 2719 α

2268 2733 2375 2771 τινι
2409 2717 2530 2772 καθ’
2575 2719 2768 2775 αὐτοῦ.
2802 2722 2920 2775 Πᾶν
2954 2722 3062 2793 γὰρ
3092 2723 3226 2777 αὐτὸ
3262 2726 3362 2780 τὸν
3387 2726 3609 2779 δυνατὸν
3634 2723 3795 2795 τρόπον

2271 2808 2471 2871 σώζειν
2501 2810 2808 2878 ἐπείγεται,
2840 2815 3069 2877 καὶτοῖς
3099 2815 3201 2885 τὴν
3233 2818 3514 2888 σωτηρίαν
3544 2815 3795 2871 κωλύουσιν

2269 2900 2611 2955 ἀδιάλλακτα
2637 2903 2887 2972 πολεμεῖ.
2919 2905 3095 2969 Ὠστν,
3138 2908 3187 2959 εί
3223 2909 3400 2979 μηδὲν
3432 2911 3579 2977 παρά
3598 2908 3652 2961 τὺ
3669 2907 3797 2974 σῶμα

2271 2993 2369 3046 καὶ
2422 2994 2525 3063 τὴν
2573 2994 2833 3065 αἴσθησιν
2890 2997 3179 3068 ἄνθρωπος
3218 2995 3313 3071 ἦν,
3344 3001 3453 3065 πᾶς
3484 3000 3547 3055 ἀν
3579 3002 3687 3062 ταῖς
3723 2994 3796 3049 τοῦ

2277 3083 2531 3153 σώματος
2560 3084 2810 3153 ὀρέξεσιν
2836 3087 3042 3153 εἵπετο,
3075 3089 3171 3143 καὶ
3204 3092 3357 3153 ὅπως
3390 3093 3459 3146 ἂν
3482 3091 3618 3145 τοῦτ’
3641 3087 3692 3144 εὖ
3718 3089 3799 3141 πᾶν

2277 3174 2390 3237 θοι,
2456 3176 2621 3245 μόνον
2672 3178 2995 3248 ἐφρόντιζε·
3030 3181 3272 3250 πόλεμος
3312 3182 3370 3236 δὲ
3410 3181 3543 3254 πρὸς
3588 3182 3677 3243 τὰς
3703 3179 3801 3248 ἠδο-

2277 3268 2374 3330 νάς
2399 3268 2579 3331 οὐδεὶς
2614 3267 2681 3322 ἂν
2710 3266 2780 3340 ἦν
2802 3284 2817 3300 '
2847 3271 2971 3324 οὐδὲ
3001 3272 3110 3326 τῶν
3144 3273 3247 3342 μὲν
3295 3272 3439 3343 ὑπὲρ
3462 3273 3559 3342 τὴν
3591 3270 3801 3341 αἴσθησιν

2276 3360 2574 3431 ἑπιθυμία,
2606 3361 2775 3417 αὐτοῦ
2805 3363 2850 3417 δ’
2879 3363 3157 3433 ὑπεροψία
3186 3366 3285 3420 καὶ
3313 3365 3719 3435 καταφρόνησις.
3736 3409 3765 3439 ,ἶ

2866 3456 3117 3512 ΚΕΦΔΔ.
3162 3455 3265 3513 lI".

2360 3545 2502 3601 Ἀλλ’
2537 3548 2668 3611 ἴσως
2717 3548 2856 3616 δόξω
2901 3550 3045 3606 τισὶν
3089 3552 3153 3606 οὔ
3201 3552 3326 3623 μετ’
3354 3553 3594 3624 ἀνάγκης
3617 3549 3698 3604 ἐπὶ
3724 3544 3803 3614 τὴν

2274 3638 2610 3709 πολυλογίαν
2659 3640 2870 3711 ταύτην
2921 3641 3132 3698 ἐλθεῖν.
3184 3638 3342 3701 Εῐναι
3405 3645 3514 3714 γὰρ
3562 3637 3804 3714 δῆλον,ὦς

2275 3731 2391 3802 ἔχει
2424 3750 2478 3785 τι
2511 3732 2678 3785 πλέον
2709 3732 2965 3802 σώματος
3007 3734 3101 3788 καὶ
3133 3736 3244 3789 τῶν
3280 3735 3604 3805 σωματικῶν
3631 3728 3805 3800 Myl»-

2275 3841 2413 3890 ιπος⁹
2443 3825 2605 3879 τοῦτο
2637 3825 2696 3880 δὲ
2739 3822 2878 3880 εἶναι
2913 3828 3005 3881 τὸν
3052 3827 3236 3896 λόγον,
3262 3821 3310 3896 ᾧ
3345 3828 3525 3887 πάντα.
3547 3823 3804 3892 λογίζεται,

2275 3920 2369 3974 καὶ
2403 3920 2604 3990 κρίνει,
2640 3923 2736 3976 καὶ
2793 3922 2958 3988 ποιεί,
2989 3923 3084 3976 καὶ
3124 3923 3259 3993 προς
3307 3923 3370 3977 τὸ
3412 3923 3604 3976 οίκεῖον
3632 3918 3806 3971 ἕκαστα

2268 4011 2430 4074 ,τέλος
2465 4012 2697 4083 ἁρμόζει
2724 4028 2740 4043 ⁸
2764 4013 2961 4067 τούτου
3000 4030 3065 4082 γε
3096 4015 3224 4085 ,μὴν
3249 4015 3374 4069 οὐδὲ
3403 4014 3502 4085 τὴν
3531 4010 3633 4066 τῶν
3659 4007 3804 4064 ἄλλων

2276 4103 2432 4168 ζώων
2465 4102 2629 4173 φύσιν
2661 4105 2894 4176 ἄμοιρον
2936 4101 3101 4175 εἶναι.
3131 4108 3375 4161 Κάκεῖνα
3403 4108 3512 4176 γὰρ
3547 4106 3611 4156 τὰ
3636 4097 3807 4167 προσή·

2277 4192 2424 4249 aco-40’
2447 4193 2664 4258 ἑαυτοῖς
2697 4195 2838 4247 κατά
2864 4194 3021 4261 λόγον
3050 4197 3247 4265 ὁρᾶται
3275 4194 3552 4257 ποιοῦντα,
3575 4192 3661 4246 καὶ
3678 4187 3805 4245 τέλος

2275 4284 2458 4348 αὐτοῖς
2483 4287 2632 4337 ἐστιν
2664 4286 2868 4357 ἑκάστῃ
2903 4286 3013 4340 τῶν
3036 4287 3317 4357 πράξεων.
3356 4286 3471 4341 Οὐκ
3498 4287 3563 4339 ἂν
3586 4282 3628 4336 δ’
3654 4278 3805 4337 οὕτως

2276 4376 2469 4441 ὲποίει,
2507 4379 2581 4447 μὴ
2610 4376 2755 4447 λόγῳ
2786 4379 2925 4448 πρὸς
2954 4379 3017 4432 τὺ
3046 4378 3198 4444 τέλος
3228 4379 3494 4448 ἀγόμενα,
3524 4376 3688 4434 ἄλλως
3716 4371 3805 4438 γάρ

584 4470 845 4536 quoniam
886 4468 1153 4538 alioquin,
1185 4483 1248 4524 ea
1290 4484 1412 4540 quae
1445 4472 1676 4539 faciunt,
1704 4476 1854 4530 casui
1888 4477 2172 4532 ascribere

2277 4469 2451 4540 τύχην
2480 4474 2777 4538 ἀναγκαῖον
2805 4471 2873 4526 ἂν
2901 4467 2990 4542 ἦν,
3016 4467 3092 4525 ὦν
3136 4473 3491 4544 πράττουσιν,
3530 4463 3804 4522 αίτιᾶσθαι⁶

586 4574 812 4621 necesse
841 4570 1008 4620 esset,
1042 4575 1221 4629 eoque
1255 4570 1414 4630 pacto
1444 4564 1584 4620 nihil
1642 4565 1697 4619 in
1732 4566 2044 4622 actionibus
2080 4580 2179 4622 eo-

556 4644 707 4704 ‘rum
731 4661 878 4705 esset
898 4651 1131 4716 deﬁniti,
1164 4656 1277 4709 ‘sed
1312 4655 1367 4710 id
1405 4656 1553 4727 quod
1592 4672 1753 4713 casus
1811 4659 2048 4723 tulisset,
2094 4658 2179 4715 eis

585 4744 861 4799 accideret
890 4761 908 4798 :
938 4760 1062 4800 cum
1089 4761 1153 4801 ea
1174 4762 1295 4817 qua:
1325 4748 1380 4804 in
1412 4750 1603 4806 oculos
1623 4753 2176 4818 nostrosincurrunt,

586 4841 926 4892 contrarium
960 4842 1026 4893 de
1053 4840 1135 4895 eis
1163 4851 1457 4898 testentur.
1486 4842 1622 4899 Nam
1652 4853 1752 4900 aut
1812 4860 2052 4915 semper,
2082 4853 2180 4900 aut

588 4932 823 4984 maxima
853 4947 919 4985 ex
944 4940 1119 5000 parte.
1151 4949 1213 4988 ea
1263 4952 1384 5006 quae
1425 4937 1494 4992 ab
1527 4937 1592 4993 iis
1640 4946 1934 5007 geruntur.
1987 4935 2176 4991 omnia

587 5021 781 5074 eodem
811 5022 974 5076 modo
1001 5027 1288 5082 eveniunt.
1336 5027 1451 5099 Ego
1476 5043 1603 5082 vero
1637 5037 1839 5093 statuo,
1875 5043 1939 5082 ea
1987 5026 2175 5093 etiam.

589 5126 713 5179 Quae
741 5114 809 5169 ab
831 5113 1156 5172 animalibus
1189 5130 1475 5189 geruntur,
1521 5124 1735 5177 ratione
1781 5122 1920 5195 geri.
1986 5119 2179 5191 Neque

590 5218 740 5260 etum
776 5206 830 5260 in
862 5207 928 5261 iis
969 5208 1254 5276 duntaxat,
1289 5214 1381 5268 sed
1415 5216 1469 5268 in
1514 5215 1777 5270 inanimis
1819 5229 2062 5285 quoque,
2090 5230 2183 5268 ra—

592 5298 765 5355 tionis
800 5292 1019 5372 aliquod
1051 5306 1340 5375 vestigium
1397 5307 1611 5374 videas,
1671 5322 1798 5362 cum
1823 5315 1877 5361 et
1911 5307 2028 5377 ipsa
2085 5321 2180 5362 or-

591 5391 718 5448 dine
740 5393 975 5463 quodam
1003 5406 1060 5452 et
1085 5397 1336 5454 oriantur
1352 5408 1408 5455 et
1440 5409 1623 5472 agant.
1677 5398 1785 5456 Sed
1815 5400 1958 5455 idem
2015 5415 2180 5473 nego,

595 5481 709 5552 ipsa
733 5496 921 5541 eorum
952 5504 1071 5559 quae
1090 5491 1227 5546 nunt
1259 5490 1527 5547 rationem
1555 5493 1610 5546 in
1651 5505 1712 5546 se
1731 5491 1954 5558 habere,
1979 5504 2034 5547 et
2062 5506 2184 5546 sese

592 5584 901 5635 secundant
934 5582 1105 5647 illam,
1134 5599 1347 5653 suoque
1380 5583 1672 5649 arbitratu,
1698 5582 2027 5654 gubernare.
2073 5583 2180 5637 Sed

592 5683 803 5740 assero,
834 5676 1209 5733 universitatis
1257 5686 1566 5742 auctorem,
1623 5691 1722 5745 pro
1782 5692 1870 5742 ea,
1910 5691 2072 5746 quam
2128 5674 2185 5727 in

595 5777 653 5819 se
693 5768 880 5835 habet,
927 5771 1161 5834 ratione.
1212 5769 1448 5832 quodvis
1482 5768 1549 5825 ad
1602 5768 1768 5824 tinem
1813 5769 1862 5825 ei
1918 5767 2182 5823 animanti

2279 4563 2373 4615 καὶ
2403 4560 2577 4625 οὕτως
2603 4562 2759 4617 οὐδὲν
2790 4562 2857 4617 ἂν
2885 4559 2975 4635 ἢν,
3010 4565 3071 4617 εν
3113 4559 3197 4628 οἷς
3228 4565 3577 4635 πράττουσιν,
3601 4550 3807 4628 ὡρισμέ-

2278 4671 2392 4717 νον.
2423 4653 2540 4707 ἀλλ’
2569 4656 2707 4726 ὅπερ
2742 4654 2809 4709 ἄν
2843 4655 3030 4728 ἔτυχε,
3058 4655 3276 4720 τούτοις
3324 4656 3647 4714 συνέϐαινεν,
3668 4636 3736 4699 ὀὗ
3759 4641 3806 4728 sli

2278 4744 2530 4798 δναντίον
2557 4746 2631 4798 τά
2673 4747 2806 4817 περὶ
2843 4726 2987 4800 αύτά
3035 4745 3340 4815 φαινόμενα
3372 4740 3634 4813 μαρτυρεῖ
3656 4733 3752 4795 ἀεὶ.
3779 4726 3805 4797 ἢ

2278 4837 2342 4891 τὸ
2389 4836 2671 4903 πλεῖστον,
2736 4840 2980 4902 πάντων,
3031 4833 3108 4894 ὧν
3158 4837 3590 4907 ἐπιτηδεύουσιν,
3637 4823 3806 4897 ὁμοίων

2278 4926 2711 4982 ἀποϐαινόντων.
2746 4926 2890 4997 Ἐγὼ
2912 4926 2968 4980 δὲ
2994 4928 3093 4983 καὶ
3119 4929 3264 4981 κατὰ
3290 4927 3444 4994 λόγον
3473 4923 3569 4992 μὲν
3591 4911 3808 5013 γίνεσθαι

2279 5018 2350 5072 τὰ
2381 5018 2490 5072 ὑπὸ
2536 5018 2646 5071 τῶν
2664 5018 2834 5083 ζώων
2868 5019 3135 5089 γινόμενα
3168 5018 3411 5087 τίθεμαι.
3451 5013 3563 5068 Οὐκ
3590 5007 3679 5062 ἐπὶ
3704 5007 3805 5089 τούξ

2279 5127 2392 5165 των
2422 5116 2533 5183 γὰρ
2564 5111 2762 5181 μόνων,
2794 5110 2933 5164 ἀλλά
2961 5087 3054 5164 καὶ
3089 5110 3185 5165 ἐπὶ
3211 5109 3319 5164 τῶν
3350 5105 3587 5176 ἀψύχων,
3613 5098 3668 5152 τὸ
3693 5087 3807 5147 κατὰ

2281 5202 2444 5272 λόγον
2465 5204 2567 5257 ἴδοι
2593 5218 2677 5266 τις
2706 5202 2794 5269 ἂν,
2826 5202 2981 5268 τάξει
3009 5203 3120 5257 τινὶ
3151 5203 3249 5261 καὶ
3285 5201 3494 5254 τούτων
3521 5188 3806 5262 γενομένων.

2285 5297 2383 5351 καὶ
2415 5294 2810 5365 ἐνεργούντων,
2845 5294 2907 5347 οὐ
2962 5293 3071 5365 μὴν
3109 5292 3246 5347 αὺτά
3284 5289 3378 5343 τὸν
3418 5287 3524 5341 τῶν
3549 5274 3808 5365 γινομένων

2283 5388 2445 5458 λόγον
2478 5362 2782 5450 ἐνιαυτοῖς
2807 5362 3039 5456 ἔχοντα.-
3062 5385 3232 5440 δαυτά
3266 5381 3384 5435 κατ’
3423 5378 3626 5432 ἐκεῖνον
3653 5369 3736 5424 καὶ

2287 5455 2482 5535 δοκοῦν
2513 5479 2668 5548 ἄγειν
2719 5455 2894 5548 φημίο
2922 5478 3016 5531 τὸν
3038 5477 3096 5531 δὲ
3126 5472 3456 5569 δημιουργὸν
3488 5455 3806 5569 “trifolii:

2289 5575 2469 5645 ἑαυτῷ
2500 5547 2657 5641 λόγον
2690 5547 2924 5625 ἕκαστον
2952 5571 3091 5640 πρὸς
3118 5568 3179 5622 τὸ
3222 5567 3494 5637 προσῆκον
3523 5554 3660 5619 αύτῷ
3683 5547 3805 5645 τέλος

2278 5640 2557 5733 ιὲπείγειν,
2595 5663 2734 5717 αὐτὰ
2752 5663 2797 5717 δ’
2825 5662 3060 5717 ἀσύνετα
3090 5661 3268 5715 πάντα
3291 5657 3386 5725 τῆς
3418 5654 3521 5707 τῶν
3546 5640 3806 5733 map-ivit“

2292 5724 2470 5821 αἰτίῖλς
2520 5724 2812 5825 1ἷίτιῖάιρχειν.
2855 5755 3010 5810 Ἐπεὶ
3061 5755 3244 5811 καὶτὸ
3286 5749 3433 5821 βέλος
3464 5744 3561 5798 οὐκ
3598 5733 3693 5793 οἶδε
3723 5724 3807 5798 id”.

3984 488 3988 649 ι

3984 890 3987 997 4
