4070 6464
366 390 500 482 i133

1469 410 1566 471 DE
1607 403 2175 470 CONTEMNENDA
2218 408 2500 471 MOllTE.

3487 411 3621 475 “(ait

358 534 449 583 τὸν
484 528 719 593 σποπδν,
756 528 908 599 παρὰ
934 527 990 580 δὲ
1020 525 1116 580 τοῦ
1159 525 1406 592 τοξότου,
1431 524 1519 592 ἐφ’
1545 525 1684 593 ὅπερ
1708 523 1930 593 ἐνεχθῆ-

2050 524 2456 580 :onvenientent
2497 525 2762 592 incitare;
2799 525 2911 594 ipsa
2953 531 3082 583 vero
3109 527 3380 583 nullarum
3434 543 3560 583 rcru
3590 546 3617 581 ιι

359 639 447 674 ναι
475 621 775 691 προσῆκον,
809 621 1082 674 ἰθύνεται·
1123 619 1217 671 καὶ
1249 618 1350 670 οὐκ
1385 618 1450 669 ἂν
1478 619 1621 669 εῑποι
1641 633 1750 680 τις,
1782 614 1929 678 τινὸς

359 713 418 767 τὺ
465 712 619 782 βέλος
667 711 1049 780 στοχάζεσθαι,
1103 709 1225 762 οὐδὲ
1282 707 1504 776 γνῶσιν,
1553 706 1586 776 ἢ
1647 704 1927 774 βούλησιν,

359 805 505 874 ἔχειν
530 804 625 858 τοῦ
656 804 864 867 τέλους.
901 803 1062 857 θῦτω
1093 803 1236 856 κατὰ
1261 801 1418 869 λόγον
1451 800 1550 870 μὲν
1581 799 1728 851 ποιεῖ
1745 799 1840 850 καὶ⁵
1862 795 1930 848 τὰ

361 897 498 961 ζῶα,
530 889 606 950 ὧν
628 897 814 965 μέντοι
844 898 1010 961 ποιεῖ,
1041 896 1181 947 αὐτὰ
1208 895 1308 964 μὲν
1333 895 1435 962 τὴν
1466 892 1644 945 αίτίαν
1667 892 1767 943 οὐκ
1783 887 1891 944 οἶδε
1912 906 1926 920 ο

363 991 598 1042 κινεῖται
631 987 710 1051 δὲ,
757 987 852 1040 καὶ
899 988 964 1057 δὴ
1004 986 1270 1054 τυγχάνει
1321 983 1476 1053 παρὰ
1525 982 1621 1035 τοῦ
1648 981 1718 1035 τὰ
1752 981 1930 1036 πάντα

361 1082 563 1142 εξδὸτος
600 1081 872 1150 ἀγόμενα.
921 1081 1033 1133 Καὶ
1087 1078 1280 1131 τούτου
1330 1077 1634 1146 τεκμήριον
1659 1077 1720 1128 τὸ
1748 1076 1932 1144 μόνοις

361 1173 596 1234 ἐκείνοις
635 1173 962 1242 ἐπιχειρεῖν,
1007 1172 1044 1226 ἃ
1079 1170 1211 1240 πρὸς
1240 1175 1340 1239 τὴν
1365 1169 1616 1238 ἀνάγκην
1651 1167 1750 1221 τοῦ
1787 1160 1929 1220 εἶναι

263 1301 281 1319 .
363 1263 759 1334 συμϐάλλεται,
789 1263 1106 1334 περαιτέρω
1128 1263 1184 1315 δέ
1208 1277 1354 1324 τινος
1387 1261 1510 1330 μηδ’
1536 1260 1805 1314 ἅπτεσθαι
1831 1259 1932 1330 τὴν

362 1357 557 1424 ἀρχήν.
598 1356 661 1408 Et
691 1357 798 1424 γάρ
820 1370 938 1407 τινα
969 1354 1130 1422 λόγον
1157 1354 1252 1405 καὶ
1300 1351 1521 1421 θέλησιν
1566 1350 1754 1412 αὐτοῖς
1782 1342 1932 1418 εἶχεν
1961 1398 1970 1403 -

363 1447 397 1516 ἡ
431 1445 638 1516 ὄρεξις,
664 1445 937 1514 ἔπραττον
969 1445 1033 1496 ἄν
1064 1462 1118 1496 τι
1173 1444 1270 1496 καὶ
1320 1443 1418 1513 τῆς
1461 1441 1709 1510 ἀνάγκης
1748 1441 1928 1504 ἐκτὸς,

363 1537 430 1604 τῇ
483 1535 612 1604 περὶ
647 1535 826 1587 πάντα
859 1533 1090 1602 δυνάμει
1130 1531 1222 1585 τοῦ
1272 1532 1433 1599 λόγου
1488 1531 1926 1601 προσχρώμενοι·

364 1627 494 1694 ὅσγε
521 1625 632 1678 τῶν
667 1626 927 1679 ἐναντίων
961 1625 1054 1678 καὶ
1079 1623 1380 1691 γνωστικός
1414 1624 1553 1688 ἐστι,
1583 1623 1679 1674 καὶ
1709 1622 1934 1674 ἁνυστι-

365 1719 480 1780 κός.
535 1719 611 1771 υὺ
647 1719 830 1770 τοίνυν
859 1718 990 1771 ἄλλο
1037 1736 1092 1770 τι
1143 1717 1254 1769 τῶν
1313 1717 1466 1785 παρὰ
1500 1715 1592 1768 τὸν
1644 1713 1934 1782 ἄνθρωπον

367 1810 524 1874 ζώων
566 1811 747 1880 ψυχὴν
791 1811 1017 1880 λογικὴν
1069 1810 1212 1880 ἔχειν
1243 1809 1618 1878 ὑποληπτέον
1661 1807 1778 1860 ἀλλ’
1815 1806 1932 1858 ἔστι

367 1902 526 1956 τοῦτο
554 1905 724 1972 μόνης
756 1904 856 1972 τῆς
885 1903 1237 1975 ἀνθρωπίνης
1267 1901 1487 1970 φύσεως
1519 1900 1670 1954 ίδιον.

2030 629 2228 670 causas
2259 615 2584 685 intelligere.
2611 617 2744 670 Nam
2775 625 2830 672 et
2857 619 3050 690 sagitta
3071 635 3192 674 cum
3237 630 3436 674 metam
3466 621 3618 688 iguo~

2034 716 2132 773 ret,
2167 721 2197 760 a
2219 706 2504 777 sagittario
2542 708 2816 779 dirigitur,
2846 725 2954 779 quo
2995 726 3116 765 eam
3147 711 3275 766 ferri
3333 717 3619 767 convenit.

2030 797 2216 868 Neque
2236 814 2366 853 vero
2388 800 2674 869 quisquam
2702 800 2923 862 dixerit,
2958 803 3200 871 jaculum
3254 803 3462 872 aliquid
3517 801 3624 855 ha-
3718 797 3722 801 ’

2032 891 2161 945 here
2198 892 2482 961 propositi,
2513 902 2607 951 aut
2658 892 3012 962 cognitionis,
3059 904 3152 948 ant
3209 894 3332 949 linis
3384 895 3621 964 alicujus

2031 982 2406 1051 cupiditatem.
2435 983 2523 1038 Sic
2543 984 2705 1038 etiam
2745 987 3004 1040 animalia
3062 986 3330 1040 rationem
3372 988 3422 1038 in
3456 1002 3621 1055 agen-

2031 1073 2103 1126 do
2157 1081 2486 1141 sequuntur,
2552 1076 2646 1128 sed
2700 1091 2891 1129 eorum
2945 1091 3068 1144 quae
3130 1075 3336 1130 faciunt
3395 1091 3617 1131 causam

2032 1163 2305 1234 ignorant.
2338 1164 2625 1220 Moventur
2668 1174 2850 1221 autem
2875 1179 2927 1222 et
2951 1169 3230 1222 ducuntur
3281 1169 3348 1222 ab
3393 1184 3479 1233 eo,
3525 1170 3617 1237 qui

2017 1256 2142 1309 scit
2164 1257 2365 1310 omnia.
2400 1259 2579 1326 Atque
2615 1259 2772 1315 istius
2799 1261 2874 1314 rei
2906 1272 3292 1328 argumentum
3333 1271 3439 1326 est,
3471 1261 3616 1330 quod

2033 1361 2098 1400 ea
2132 1347 2247 1400 sola
2268 1350 2682 1419 aggrediuntur,
2728 1367 2852 1421 qua:
2885 1354 2950 1406 ad
2987 1362 3197 1408 natura:
3235 1356 3618 1408 conservatio-

2034 1453 2158 1492 nem
2189 1439 2517 1494 conferunt:
2557 1442 2857 1511 quidquam
2913 1451 3096 1497 autem
3133 1445 3297 1508 ultra,
3353 1459 3422 1496 ne
3448 1444 3619 1498 attin-

2033 1537 2168 1600 gunt
2210 1529 2453 1599 quidem.
2479 1531 2616 1586 Nam
2647 1533 2690 1588 si
2719 1549 2910 1588 eorum
2937 1535 3196 1606 appetitio
3219 1535 3420 1604 aliquid
3452 1535 3621 1590 ratio-

2035 1621 2121 1675 nis
2141 1631 2233 1675 aut
2261 1622 2554 1678 voluntatis
2582 1624 2830 1688 haberet,
2865 1627 3032 1681 etiam
3067 1636 3218 1680 extra
3241 1629 3622 1680 necessitatem

2034 1713 2237 1782 aliquid
2261 1724 2502 1784 agerent,
2528 1718 2594 1770 ad
2619 1717 2800 1771 omnia
2826 1721 3048 1772 rationis
3069 1719 3321 1772 facultate
3355 1720 3622 1781 adhibita,

2035 1821 2158 1874 quae
2191 1808 2464 1862 contraria
2495 1822 2550 1864 et
2576 1810 2910 1880 intelligendi
2941 1819 2996 1863 et
3019 1812 3340 1880 perliciendi
3379 1811 3486 1864 vim
3531 1811 3626 1864 ha-

1970 1886 2152 1953 Bbet.
2208 1901 2348 1970 Ergo
2385 1903 2594 1956 nullum
2635 1903 2782 1957 aliud
2848 1904 3048 1956 animal
3099 1911 3298 1973 praeter
3351 1902 3625 1957 hominem

369 1975 610 2052 animum
646 1997 1038 2070 intelligentem
1075 2000 1276 2053 habere
1329 1997 1748 2052 existimandum
1787 2004 1907 2059 est;
1948 1996 2040 2051 sed
2083 1997 2128 2050 is
2160 1998 2432 2065 peculiare
2471 1999 2726 2068 quiddam
2769 2001 2937 2054 solius
2979 2000 3230 2054 humanae
3260 2009 3469 2054 naturae
3519 2013 3623 2057 est.

877 2095 882 2100 ’
957 2092 1212 2144 ΚΕΦΑΛ.
1245 2093 1342 2145 1Δ’.

449 2185 770 2254 Ἀνθρωπος
796 2183 975 2238 τοίνυν
1018 2186 1116 2254 οὐχ
1148 2184 1334 2245 ἁπλῶς
1366 2183 1474 2235 τῶν
1517 2181 1768 2251 αἰσθήσει
1802 2181 1942 2251 μόνῃ

371 2277 590 2341 ζώντων
616 2279 757 2341 ἐστὶ,
793 2279 928 2346 πρὸς
963 2278 1114 2330 οὐδὲν
1145 2277 1424 2345 τών,ὑ’;ὲρ
1471 2277 1646 2346 αὐτὴν
1679 2275 1940 2344 πεφυκὼς

369 2370 673 2422 διασαίνειν
697 2386 713 2400 ⁸
739 2370 854 2423 ἀλλ’
887 2368 1002 2438 ἔχει
1036 2370 1137 2438 μὲν
1165 2369 1443 2439 αἴσθησιν,
1478 2367 1572 2421 καὶ
1601 2366 1775 2438 ταύτῃ
1793 2364 1942 2418 πόλλ’

371 2462 488 2531 ἔχει
545 2462 678 2532 πρὸς
713 2462 880 2515 τᾶλλα
935 2463 1052 2527 ζῶα
1089 2463 1243 2516 κοινά
1269 2476 1284 2490 ⁸
1318 2462 1348 2512 ὃ
1398 2461 1442 2514 δ’
1471 2462 1636 2512 αὑτὸν
1679 2458 1942 2528 καθαρῶς

371 2555 660 2622 ἄνθρωπον
689 2557 834 2608 ποιεῖ
853 2556 950 2626 (1),
981 2558 1074 2607 καὶ
1112 2555 1221 2606 τῶν
1253 2554 1456 2606 λοιπῶν
1485 2554 1706 2620 διαιρεῖ,
1730 2553 1758 2603 ὀ
1785 2551 1944 2616 λόγος

373 2652 492 2702 ἐστὶ
546 2650 642 2701 καὶ
689 2650 716 2700 ὁ
753 2647 898 2711 νοῦς,
941 2646 1133 2720 ὥσπερ
1174 2665 1259 2710 τις
1299 2645 1522 2717 ἡγεμὼν
1571 2648 1629 2697 ὲν
1681 2643 1943 2715 μετεώρῳ

376 2741 710 2808 καθήμενος,
766 2739 1034 2805 καὶπρὸς
1084 2737 1276 2790 ἑαυτὸν
1331 2738 1424 2790 καὶ
1473 2737 1538 2788 τὰ
1569 2733 1764 2787 ἑαυτοῦ
1808 2734 1946 2784 πᾶσι

341 2833 486 2897 ,τοῖς
519 2833 649 2901 περὶ
677 2831 768 2884 τὸν
817 2831 1104 2901 ἄνθρωπον
1149 2831 1455 2902 χρώμενος,
1500 2829 1575 2890 ώς
1615 2831 1677 2878 ἐν
1705 2829 1764 2878 ἐν
1793 2826 1947 2892 οἰκίᾳ.

373 2919 666 2987 δεσπότης,
710 2917 873 2988 ’πρὸς
905 2917 964 2969 ὃν
1025 2917 1203 2970 πάντα
1239 2917 1522 2980 τέτακται,
1578 2914 1673 2968 καὶ
1721 2914 1790 2966 τὰ
1837 2912 1946 2964 τῶν

376 3010 562 3072 υἱέων,
599 3010 782 3062 καὶτὰ
813 3009 920 3062 τῶν
950 3009 1176 3063 δούλων.
1204 3007 1446 3078 Λογικὴν
1490 3008 1672 3060 τοίνυν
1702 3005 1796 3058 καὶ
1827 3021 1943 3057 vos-

379 3104 478 3174 ρὰν
509 3103 672 3170 φύσιν
703 3104 858 3172 παρὰ
886 3100 978 3153 τοῦ
1005 3100 1344 3171 δημιουργοῦ
1372 3098 1618 3152 λαϐοῦσα
1669 3099 1701 3168 ἡ
1741 3098 1952 3166 ἀνθρωο

376 3199 506 3263 πίνη
537 3195 708 3266 ψυχὴ,
745 3195 908 3264 σῶμα
958 3195 1058 3264 μὲν
1087 3193 1186 3245 οὐκ
1245 3193 1311 3245 ἂν
1357 3193 1467 3262 εἴη.
1527 3189 1669 3246 Οὔτε
1719 3191 1830 3260 γὰρ
1883 3190 1947 3241 ἂν

376 3289 514 3356 αὑτὴ
544 3289 604 3338 τὸ
639 3287 800 3356 σῶμα
835 3285 1067 3356 πρώτως
1118 3285 1316 3348 ἐκίνει,
1366 3284 1480 3338 οΰτ⁹
1525 3284 1593 3337 ἂν
1649 3284 1849 3354 ἐχώρει.
1878 3283 1947 3336 δι’

2642 2091 2872 2147 CAPUT
2931 2092 3074 2149 XlV.

2116 2164 2302 2253 Itaque
2324 2185 2504 2255 ;homo
2534 2201 2642 2239 non
2675 2203 2739 2238 ex
2794 2201 2981 2239 eorum
3014 2200 3244 2241 numero
3295 2185 3627 2256 simpliciter

2043 2287 2147 2341 est,
2178 2292 2300 2346 qua:
2350 2277 2467 2331 solo
2501 2293 2669 2332 sensu
2733 2279 2922 2332 vivunt
2963 2294 2975 2330 :
3026 2294 3203 2346 neque
3257 2281 3374 2348 ejus
3432 2289 3517 2332 est
3562 2294 3625 2332 ea

2044 2371 2304 2434 conditio,
2345 2379 2404 2424 ut
2442 2373 2509 2424 ad
2543 2371 2681 2424 nihil
2713 2372 2942 2425 ulterius
3000 2375 3234 2426 transire
3267 2373 3458 2442 posit,
3527 2374 3626 2428 sed

2044 2471 2096 2518 et
2149 2479 2370 2520 sensum
2407 2465 2600 2526 habet,
2625 2473 2698 2529 et,
2725 2464 2867 2532 quod
2919 2465 2984 2518 ad
3023 2467 3168 2517 hunc
3196 2466 3414 2528 attinet,
3457 2468 3624 2520 multa

2046 2571 2172 2611 cum
2195 2557 2408 2611 caeteris
2443 2557 2817 2610 animantibus
2852 2557 3188 2610 communia.
3246 2557 3401 2622 Quod
3439 2568 3623 2612 autem

2047 2663 2169 2702 eum
2195 2645 2350 2715 plane
2375 2647 2536 2700 faciat
2565 2647 2866 2709 hominem,
2893 2661 2954 2700 ac
2986 2664 3011 2696 ει
3050 2647 3273 2715 reliquis
3304 2648 3618 2716 distinguat,

2048 2742 2604 2802 ratiucst,etmcns,
2675 2739 2846 2792 instar
2916 2739 3174 2808 principis
3232 2739 3284 2791 in
3353 2740 3628 2808 superiori

2049 2832 2170 2887 loco
2192 2833 2407 2897 sedens,
2439 2840 2548 2886 tum
2575 2832 2642 2885 ad
2672 2846 2750 2893 se,
2799 2842 2911 2884 tum
2931 2832 3010 2884 ad
3045 2847 3206 2884 suum
3249 2847 3403 2884 usum
3431 2843 3628 2886 cuncta

2050 2924 2286 2979 humana
2341 2924 2762 2979 accommodans
2797 2942 2809 2976 :
2836 2933 3089 2992 tanquam
3121 2923 3376 2978 dontinus
3405 2923 3628 2990 mdium,

2049 3020 2115 3072 ad
2146 3032 2306 3086 quem
2329 3026 2386 3072 et
2416 3016 2507 3070 lilii
2538 3027 2590 3069 et
2617 3031 2781 3080 servr,
2808 3031 2997 3068 omnes
3042 3016 3286 3070 actioaes
3311 3030 3438 3068 suas
3491 3017 3630 3070 refe-

2052 3119 2198 3164 runt.
2232 3109 2516 3163 Humanus
2539 3109 2706 3176 igitur
2753 3107 2990 3172 animus,
3039 3118 3233 3162 natura
3292 3108 3546 3162 rationali
3579 3117 3633 3162 et

2049 3197 2377 3269 intelligenti
2420 3197 2489 3252 ab
2540 3199 2734 3268 upilicc
2780 3199 2890 3252 Deo
2939 3209 3182 3266 accepta,
3259 3213 3459 3268 corpus
3519 3213 3632 3252 non

2061 3292 2187 3348 erit.
2223 3290 2480 3359 Alioquin
2502 3290 2650 3345 enim
2684 3303 2785 3343 nec
2813 3290 2931 3357 ipse
2967 3303 3168 3359 corpus
3209 3291 3480 3359 praecipue
3517 3296 3636 3344 m‘o—

375 3383 498 3434 ὅλοο
544 3381 738 3434 τούτου
763 3395 774 3409 °
824 3379 937 3432 ἀλλ’
972 3376 1039 3450 ἦν
1079 3378 1146 3432 ἂν
1195 3377 1337 3430 κατὰ
1380 3378 1507 3439 τοὺς
1545 3378 1626 3439 είς
1679 3374 1945 3444 ἀλλήλους

2055 3393 2226 3446 veret,
2262 3398 2365 3436 nec
2401 3382 2453 3436 id
2491 3389 2662 3436 totum
2725 3387 3072 3448 penetraret;
3101 3381 3194 3434 sed
3253 3383 3456 3434 inesset
3483 3401 3486 3404 ·
3509 3393 3634 3433 cor-

377 3475 819 3545 ὲμϐαλλομὲνους
856 3473 1074 3538 κάδους,
1109 3473 1308 3526 ἐνοῦσα
1354 3471 1431 3539 τῷ
1470 3470 1706 3540 σώματι,
1747 3467 1844 3520 καὶ
1869 3466 1950 3535 τῷ

381 3567 456 3636 μὴ
483 3566 571 3618 διὰ
611 3564 812 3624 παντὸς
843 3562 1166 3615 διικνεῖσθαι
1201 3560 1373 3613 πολλὰ
1404 3559 1512 3612 τῶν
1544 3558 1638 3610 τοῦ
1673 3555 1950 3624 σώματος,

383 3663 477 3712 καὶ
512 3658 751 3728 μάλιστα
777 3656 839 3708 τὸ
883 3656 990 3720 ἔξω
1015 3655 1144 3720 πᾶν,
1180 3653 1240 3718 ἐξ
1267 3655 1514 3721 ἀνάγκης
1545 3650 1753 3720 ἄψυχον
1785 3664 1955 3703 κατα-

380 3752 664 3805 λείπουσα.
694 3748 803 3803 Ἦν
849 3749 893 3802 δ’
946 3748 1013 3801 ἂν
1047 3748 1146 3800 καὶ
1181 3746 1415 3816 μέγεθος
1438 3746 1505 3813 τῇ
1535 3743 1680 3812 ψυχῇ
1716 3743 1859 3794 κατὰ
1886 3741 1956 3792 τὰ

385 3845 656 3915 σωμάτων
693 3842 925 3912 μεγέθη,
954 3841 1094 3894 ὥστε
1130 3836 1265 3892 εἶναι
1314 3837 1496 3906 λέγειν
1532 3839 1625 3889 καί
1651 3838 1760 3888 τοῖν
1788 3833 1955 3886 Δίαν-

335 3979 338 3982 .
381 3953 498 3990 τοιν
554 3935 649 3987 τὸν
686 3933 785 4004 μὲν
819 3933 1174 4003 Τελαμώνιον
1220 3929 1464 3998 μείζονα,
1516 3928 1611 3979 τὸν
1638 3925 1692 3979 δὲ
1748 3925 1956 3994 Λοκρὸν

385 4029 650 4082 ἐλάττονα
690 4025 868 4095 ψυχὴ»
901 4028 1249 4094 περιφέρειν,
1286 4024 1380 4075 καὶ
1424 4022 1530 4090 μὴν
1565 4019 1656 4071 καὶ
1689 4018 1960 4087 τεμνομε⁴

387 4137 479 4172 νου
513 4120 608 4172 τοῦ
645 4119 900 4186 σώματος
934 4119 1183 4185 μετεῖχεν
1212 4115 1279 4166 ἂν
1324 4115 1550 4179 κάκείνη
1581 4112 1674 4163 τοῦ
1724 4110 1954 4171 πάθους,

385 4215 522 4267 ἀλλὰ
549 4212 644 4264 καὶ
681 4210 789 4263 τῶν
819 4213 876 4262 ἐν
911 4210 1048 4278 αὐτῇ
1077 4207 1382 4276 γινομένων
1417 4205 1575 4257 εἰδῶν
1621 4200 1689 4274 ἦν
1729 4204 1796 4256 ἂν
1824 4203 1959 4254 ’ἐκα-

389 4323 514 4359 στον
546 4306 639 4356 ἐπὶ
671 4305 894 4373 μέρους·
933 4295 1160 4354 τοιαῦτα
1186 4301 1294 4369 γὰρ
1323 4301 1394 4352 τὰ
1422 4300 1480 4352 ἐν
1512 4299 1613 4368 ὕλῃ
1645 4297 1741 4349 καὶ
1773 4296 1961 4364 σώμα-

391 4416 495 4452 σιν.
529 4398 682 4451 Ὥστ⁹
719 4397 875 4448 οὐδὲν
909 4394 974 4448 ἂν
1019 4393 1119 4464 ᾔδη
1153 4392 1410 4453 καθόλου,
1445 4389 1560 4442 ἀλλ’
1589 4384 1736 4458 εἶχεν
1767 4386 1833 4440 ἂν
1863 4385 1960 4452 μό-

390 4509 479 4545 νον
511 4489 790 4557 αἴσθησιν,
812 4483 888 4540 ὧν
918 4485 1012 4541 νῦν
1037 4486 1371 4553 ἐπιστήμην.
1399 4481 1586 4542 Οὕτως
1609 4482 1638 4532 ὁ
1663 4478 1764 4548 τὴν
1782 4477 1960 4546 ψυχὴν

391 4585 556 4651 σῶμα
582 4581 755 4642 τιθεὶς
784 4580 940 4646 λόγος
975 4577 1189 4638 πολλοῖς
1214 4567 1440 4636 ἀτόποις
1486 4573 1758 4641 ἐνέχεται.
1800 4568 1962 4622 Ἀλλὰ

2054 3477 2196 3547 pori,
2237 3473 2695 3547 quemadmodum
2747 3489 2873 3527 vasa
2927 3487 3162 3542 quorum
3225 3474 3328 3527 alia
3361 3473 3486 3526 aliis
3551 3473 3634 3526 in.

2054 3569 2368 3623 cluduntur.
2410 3567 2473 3620 Et
2500 3567 2626 3635 quia
2665 3579 2762 3634 per
2787 3573 2956 3618 totum
2988 3565 3289 3633 pervadere
3345 3580 3454 3617 non
3508 3579 3635 3632 pos-

2057 3665 2163 3726 s‘ct,
2194 3661 2394 3714 multas
2421 3657 2666 3726 corporis
2707 3666 2913 3726 partes,
2975 3657 3276 3725 praesertim
3334 3657 3639 3709 exteriores

2059 3767 2272 3817 omnes,
2298 3751 2611 3806 necessario
2657 3750 2928 3804 inanimas
2991 3749 3352 3816 relinqueret.
3408 3746 3638 3802 llabe'ret

2060 3845 2222 3898 etiam
2256 3840 2684 3912 magnitudinem
2738 3854 2837 3908 pro
2903 3851 3197 3906 corporum
3245 3836 3636 3906 magnitudine.

2066 3938 2220 3994 Unde
2247 3933 2366 3990 'dici
2399 3944 2584 4003 posset
2616 3935 2761 3986 inter
2805 3921 2947 3985 duos
2979 3931 3197 4000 Ajaces,
3251 3927 3639 3982 Telamonium

2063 4032 2348 4100 majorem,
2393 4028 2720 4080 Locrensem
2766 4039 2896 4078 vero
2958 4009 3225 4076 minorem
3257 4022 3494 4074 animum
3529 4021 3638 4074 cir-

2063 4119 2354 4175 cumferre.
2404 4119 2578 4184 Atque
2609 4115 2770 4168 etiam
2797 4129 2919 4169 cum
2953 4125 3154 4180 corpus
3181 4122 3509 4173 secaretur,
3553 4110 3642 4164 ille

2062 4209 2226 4264 etiam
2246 4207 2366 4275 ejus
2386 4204 2714 4259 calamitatis
2743 4211 2888 4257 esset
2919 4201 3213 4270 particeps.
3236 4199 3503 4254 Praeterea
3529 4203 3644 4254 sin-

2063 4302 2202 4372 gulae
2221 4315 2343 4368 quae
2359 4299 2410 4351 in
2433 4315 2498 4352 eo
2522 4297 2874 4352 continentur
2891 4296 3124 4365 species,
3146 4293 3427 4347 individua
3447 4291 3643 4346 ittturte

2064 4401 2268 4454 essent,
2307 4389 2434 4444 talia
2469 4390 2615 4443 enim
2667 4387 2720 4441 in
2757 4388 2982 4440 materia
3041 4395 3098 4441 et
3131 4386 3453 4455 corporibus
3492 4395 3639 4438 sunt.

2069 4489 2254 4557 Itaque
2322 4482 2463 4537 nihil
2501 4480 2814 4536 universale
2855 4480 3064 4533 sciret:
3104 4479 3198 4532 sed
3241 4489 3461 4530 sensum
3502 4475 3642 4530 duti-

2071 4590 2217 4635 taxat
2242 4579 2491 4639 haberet,
2527 4574 2619 4629 ubi
2669 4588 2816 4625 nunc
2848 4572 3159 4624 scientiam.
3220 4570 3310 4624 Sic
3359 4585 3474 4637 qua:
3503 4569 3644 4621 ratio

396 4675 502 4742 μὴν
532 4671 821 4738 dubita-ev
857 4666 1044 4734 οὖσαν,
1079 4670 1173 4721 καὶ
1209 4665 1522 4737 κρατοῦσαν
1553 4663 1650 4716 τοῦ
1681 4662 1949 4733 σώματος1

2070 4675 2311 4730 animum
2355 4683 2552 4738 corpus
2578 4680 2698 4722 esse
2719 4667 2930 4726 stituit,
2993 4663 3045 4715 in
3103 4662 3299 4715 multas
3325 4661 3515 4716 incidit
3548 4665 3645 4715 ali-

392 4766 674 4819 καὶτοῦτο
702 4762 847 4817 κατὰ
879 4763 940 4815 τὸ
981 4759 1176 4814 δοκοῦν
1210 4758 1589 4828 κυϐερνῶσαν,
1623 4757 1708 4817 τίς
1741 4753 1961 4824 μηχανὴ

397 4857 473 4926 μὴ
505 4857 600 4907 καὶ
631 4853 864 4906 θανάτου
907 4853 1145 4923 κρείττω
1188 4850 1285 4902 καὶ
1314 4850 1524 4920 φθορᾶς
1568 4847 1740 4917 αὐτὴν
1771 4844 1960 4897 ὑποτί-

395 4948 618 5014 (iaceat;
655 4947 731 5000 'H
758 4963 818 4998 τε
849 4947 958 5016 γὰρ
982 4945 1129 4999 κατὰ
1155 4941 1248 4995 τοῦ
1279 4943 1530 5011 σώματος
1564 4940 1731 5009 ἁρχὴ,
1777 4937 1870 4990 καί
1901 4950 1961 4986 τε

396 5039 562 5093 δῦσαν
592 5043 671 5101 εἰς
695 5039 827 5092 αὐτὸ
865 5037 939 5107 μὴ
971 5035 1250 5098 παντελῶς
1281 5032 1666 5104 βεϐαπτίσθαι,
1699 5027 1813 5082 ἀλλ’
1838 5025 1967 5079 ἀνέ-

399 5145 537 5198 χειν,
593 5132 686 5180 καὶ
712 5129 774 5179 τὸ
838 5127 940 5195 μὲν
993 5126 1174 5194 σῶμα,
1208 5121 1479 5194 χωρισθὲν
1521 5121 1763 5188 ἐκείνης,
1799 5115 1965 5187 μηδὲν

396 5216 657 5270 δύνασθαι
709 5215 971 5284 πράττειν
1000 5253 1016 5278 ,
1063 5215 1234 5279 αὐτὴν
1270 5212 1327 5263 δὲ
1375 5211 1518 5263 κατὰ
1566 5209 1663 5271 τὰς
1699 5207 1966 5277 μεγίστας

397 5309 489 5360 xtl.
546 5309 884 5377 σεμνοτάτας
932 5304 1217 5375 ἐνεργείας
1275 5304 1371 5358 καὶ
1415 5305 1583 5370 ἑαυτῇ
1645 5300 1964 5370 συμφύτους

399 5398 492 5452 τοῦ
537 5398 786 5465 σώματος
830 5399 925 5451 καὶ
956 5396 1050 5464 τῆς
1102 5395 1314 5447 ἐκεῖθεν
1343 5392 1612 5462 φλυαρίας
1642 5387 1958 5451 παντελῶς,

401 5490 770 5561 ἀπηλλάχθαι,
831 5491 1133 5557 τεκμήριον
1191 5487 1417 5556 ἐναργὲς
1469 5479 1613 5536 εἶναι
1672 5483 1794 5534 τινὰ
1843 5480 1968 5534 καθ’

401 5583 602 5648 ἑαυτὴν
659 5580 760 5648 τῆς
797 5578 975 5648 ψυχῆς
1011 5578 1222 5639 οὐσίαν,
1271 5576 1497 5628 ἀνενδεᾶ
1533 5573 1635 5643 μὲν
1685 5573 1969 5641 σώματος,

401 5673 705 5741 δυναμένην
739 5672 794 5722 δε
823 5671 907 5738 ἐφ’
938 5670 1137 5738 ἑαυτῆς
1175 5684 1265 5720 και
1289 5663 1452 5730 εῖναι,
1490 5665 1586 5718 καὶ
1614 5669 1798 5735 μένειν
1819 5679 1832 5694 ⁸
1871 5665 1971 5718 καὶ

333 5779 338 5782 ’
405 5767 632 5836 προσέτι
665 5764 932 5835 πράττειν
958 5765 1022 5815 τὰ
1049 5761 1244 5829 ἑαυτῆς
1271 5757 1522 5812 τοσοῦτον
1551 5755 1876 5828 τελεώτερόν
1898 5775 1958 5811 τε

463 5879 538 5941 (ι)
572 5877 690 5930 Cod.
713 5877 837 5937 Reg.
863 5874 998 5935 tata,
1029 5873 1251 5921 δείκνυσι.
1281 5870 1416 5920 Eutr.

688 5963 956 6019 Par—non.
1009 5961 1116 6019 tia.
1156 5948 1349 6014 CLIV.

2069 4753 2384 4811 surditates.
2410 4749 2700 4802 Enimvero
2722 4745 2811 4813 qui
2842 4746 2954 4798 fieri
2989 4755 3186 4813 potest,
3210 4760 3333 4797 eum
3363 4746 3436 4798 sit
3471 4748 3649 4798 incol--

2071 4857 2292 4916 porcus,
2332 4851 2386 4894 et
2438 4839 2656 4908 corpori
2701 4837 2950 4904 imperet,
2995 4835 3158 4902 idque
3228 4835 3494 4887 arbitratu
3548 4843 3648 4887 suo

2069 4933 2360 5006 gubernet,
2392 4938 2447 4981 ut
2480 4942 2604 4982 eum
2641 4925 2838 4994 aliquis
2886 4935 2940 4977 et
2994 4934 3169 4976 morte
3215 4925 3646 4999 praestantiorem

2068 5037 2214 5085 esse,
2261 5028 2439 5073 etnon
2471 5017 2700 5070 interire
2733 5013 2934 5084 neget?
2987 5012 3120 5066 Nam
3147 5014 3313 5067 animi
3347 5014 3402 5066 in
3451 5029 3648 5082 corpus

2067 5111 2379 5181 imperium,
2409 5117 2575 5176 atque
2602 5105 2730 5159 illttd
2763 5104 2949 5169 etiam,
3001 5104 3146 5172 quod
3201 5097 3402 5170 corpus
3433 5104 3649 5171 ingres-

2065 5218 2181 5265 sus,
2213 5216 2320 5254 non
2353 5199 2578 5252 omnino
2616 5196 2979 5266 immergitur,
3009 5195 3105 5249 sed
3139 5194 3369 5256 eminet,
3419 5203 3474 5246 et
3505 5197 3646 5261 quot

2066 5308 2266 5361 corpus
2299 5294 2366 5346 ab
2404 5306 2470 5344 eo
2495 5298 2806 5359 separatum
2857 5287 3012 5348 nihil
3055 5286 3235 5340 facere
3284 5292 3483 5354 potest,
3532 5284 3648 5350 ipse

2065 5401 2196 5438 vero
2230 5382 2455 5436 omnino
2486 5396 2513 5434 a
2543 5394 2799 5448 corpore,
2826 5419 2828 5421 -
2855 5389 2912 5432 et
2940 5378 3110 5446 .nngis
3134 5391 3266 5444 quae
3313 5375 3440 5430 inde
3463 5376 3649 5428 oriun-

2069 5489 2178 5537 tur,
2205 5484 2504 5544 separatus,
2545 5472 2597 5525 in
2625 5471 2889 5525 maximas
2935 5454 2991 5522 et
3021 5469 3372 5539 gravissimas
3402 5476 3647 5519 contem-

2066 5567 2355 5640 plationes,
2393 5575 2449 5619 et
2470 5564 2575 5618 sibi
2617 5572 2878 5632 cognatas
2913 5561 3125 5622 recedit
3171 5579 3184 5615 :
3218 5560 3448 5613 evidens
3481 5573 3646 5627 argu-

2070 5669 2308 5713 mentum
2356 5666 2461 5715 est,
2531 5653 2694 5706 animi
2777 5651 3070 5720 quamdam
3129 5661 3377 5704 naturam
3435 5662 3530 5716 per
3587 5658 3650 5700 se

2068 5749 2458 5804 consistentem
2491 5757 2633 5807 esse,
2669 5757 2790 5810 quae
2817 5741 3066 5811 corporis
3098 5740 3406 5796 ministerio
3452 5755 3646 5795 carere

3250 5939 3328 5999 38
