4070 6460
256 370 393 439 ιεθι

1361 363 1460 425 DE
1502 354 2072 422 CONTEMN'ENDA
2115 353 2379 416 MORTE

3386 355 3536 423 1'20?

255 493 400 562 τώμε
412 492 504 556 θα,
530 452 793 560 οὐδεμίαν
816 488 883 543 ἂν
906 489 1038 559 ἡμῖν
1063 488 1091 540 ὁ
1109 485 1339 547 θάνατος
1356 481 1565 552 ζημίαν
1589 480 1835 547 ἐνέγκαι.

1948 474 2088 530 nihil
2114 473 2298 528 damni
2330 490 2478 529 mors
2519 474 2674 531 nobis
2735 476 2964 532 allatura
3015 487 3116 533 est.
3176 477 3321 532 Nihil
3379 479 3528 533 enim

253 572 425 638 Ούδέν
462 583 571 653 γάρ
623 582 753 651 ἡμῖν
783 580 1037 652 φοϐερὸν,
1069 577 1097 632 ὃ
1154 576 1230 649 μὴ
1277 575 1545 646 πρότερον
1576 574 1642 642 τῇ
1683 570 1833 649 ψυχῇ

253 674 515 748 χαλεπὸν,
566 672 753 726 καὶτὸ
823 671 1169 741 εὐδαιμονεῖν
1218 669 1354 739 ἡμῖν
1403 665 1560 721 οὐδὲν
1589 662 1836 734 ἓτερονῆ

252 770 354 838 τὴν
387 766 570 837 ψυχὴν
616 758 677 818 εὖ
714 765 883 835 ἔχειν,
917 763 1089 817 ἐστίν.
1126 762 1329 833 Ἡμεῖς
1357 761 1469 831 γὰρ
1516 757 1702 828 ἐκείνη
1739 755 1837 809 καί⁵

250 860 324 914 τά
357 859 580 929 ἐκείνης
628 857 821 926 ἐσμὲν,
873 856 978 911 κᾶν
1006 855 1193 924 ἐκείνη
1241 853 1318 925 μὴ
1363 854 1592 923 δέχηται
1638 852 1837 921 πεῖραν

254 950 514 1014 θανάτου,
548 940 705 1004 οὐδὲν
730 951 792 1003 τδ
829 949 1040 1005 κωλύον
1074 951 1167 1002 καὶ
1198 948 1350 1019 ἡμᾶς
1398 946 1707 1009 ἀθανάτους
1742 944 1841 996 καὶ

255 1040 422 1112 εἶναι,
460 1045 557 1098 καὶ
601 1042 885 1114 λέγεσθαι.
918 1043 994 1097 Τὸ
1030 1042 1130 1112 μὲν
1161 1043 1277 1111 γὰρ,
1320 1041 1378 1092 ἐν
1409 1040 1544 1108 ἡμῖν
1603 1037 1839 1107 θνῆσκον

258 1135 463 1208 μικρόν
490 1137 549 1190 τέ
578 1120 715 1201 ἐστι,
750 1136 846 1189 καὶ
882 1135 980 1206 οὐχ
1003 1136 1141 1203 ὅπερ
1167 1134 1354 1204 ἡμεῖς,
1388 1129 1505 1185 ἀλλ’
1538 1126 1839 1202 ἡμέτερον,

255 1229 355 1282 καὶ
386 1229 488 1282 οὐκ
525 1228 592 1283 ἂν
625 1228 842 1283 δύναιτο
889 1230 957 1300 τῇ
1013 1225 1182 1281 αὐτοῦ
1240 1226 1515 1297 μεταϐολῇ
1565 1224 1659 1277 καὶ⁸
1706 1224 1841 1293 ἡμῖν

257 1321 495 1374 θανάτου
535 1319 718 1391 ψῆφον
771 1321 1125 1390 ἐπενεγκεῖν·
1162 1316 1357 1388 ὥσπερ
1394 1316 1503 1371 οὐδ’
1547 1318 1612 1372 ἄν
1646 1333 1733 1380 τις
1761 1315 1841 1385 τῷ

258 1413 477 1482 σώματι
509 1410 609 1473 τάς
654 1411 765 1462 τᾶν
802 1409 1038 1480 ἱματίων
1081 1408 1350 1481 πονηρίας
1383 1407 1696 1476 λογίσαιτοο
1731 1405 1841 1460 οὐδ’

257 1505 327 1559 ἂν
352 1504 583 1558 ἐκείνων
611 1506 999 1575 ῥηγνυμένων,
1030 1503 1062 1575 ἦ
1095 1502 1604 1574 κατατριϐομένων,
1624 1502 1721 1555 καὶ
1745 1500 1842 1554 τοῦ

256 1581 514 1666 σώματος
574 1592 715 1651 εἶναι
767 1596 942 1651 ταῦτα
1004 1597 1153 1667 πάθη
1205 1595 1730 1667 νομίσειεν.”ομως
1792 1595 1843 1648 εί

255 1692 454 1744 τούτου
490 1689 585 1742 τοῦ
639 1689 840 1761 μικροῦ
877 1688 1240 1759 φθειρομένου
1270 1688 1469 1758 θνητὸν
1496 1688 1639 1756 ἀξιοῖ
1661 1705 1742 1751 τις
1775 1688 1841 1741 δι’

253 1780 431 1831 ἐκεῖνο
472 1776 760 1830 καλεῖσθαι
812 1776 905 1832 τὸν
964 1778 1272 1849 ἄνθρωπον,
1303 1777 1454 1848 πόσῳ
1500 1775 1841 1844 δικαιότερον

255 1869 350 1923 τοῦ
389 1871 656 1939 μείζονος,
722 1869 817 1923 καὶ
873 1866 1130 1922 τοσοῦτον
1180 1869 1566 1940 ὑπερέχοντος,
1604 1867 1693 1921 καὶ
1742 1867 1841 1939 τὴν

254 1957 465 2027 φθορὰν
500 1957 785 2021 νικῶντος,
841 1958 937 2010 καὶ
984 1959 1262 2028 μένοντος,
1323 1957 1609 2029 ἄφθαρτον
1673 1958 1840 2025 αὐτὸν

255 2051 352 2101 καὶ
385 2047 572 2118 ἅπαθῆ
620 2048 709 2103 διὰ
742 2048 901 2102 τοῦτο
939 2049 1252 2115 καλεῖσθαι,
1286 2050 1347 2103 ού
1388 2049 1550 2119 μόνον
1580 2049 1839 2123 καθαρὸς

256 2140 566 2209 ἄνθρωπος,
618 2140 714 2194 καὶ
762 2140 822 2194 ἐν
876 2132 919 2208 ᾧ
954 2139 1108 2211 μόνῳ
1138 2140 1200 2193 τὸ
1233 2140 1452 2211 φρονεῖν
1500 2141 1595 2194 καὶ
1627 2130 1849 2209 λογίζεέ

253 2233 404 2300 σθαι,
434 2228 515 2297 οἷς
557 2235 670 2287 τῶν
700 2233 908 2288 λοιπῶν
940 2231 1096 2300 ζώων
1129 2233 1418 2303 ἄνθρωπος
1454 2233 1795 2305 διακρίνεται
1821 2252 1837 2300 ;

249 2322 289 2395 ἢ
328 2325 510 2381 τοίνυν
556 2325 759 2398 θνητὴν
790 2325 890 2395 τὴν
921 2324 1101 2396 ψυχὴν
1133 2323 1540 2391 ἀποδείξαντες,
1569 2324 1666 2380 καὶ
1698 2325 1838 2396 μετά

251 2416 352 2472 τοῦ
382 2417 635 2489 σώματος
665 2415 964 2485 ἀπιοῦσαν,
1000 2419 1048 2470 οί
1079 2417 1179 2490 τὴν
1213 2415 1472 2488 τελευτὴν
1508 2417 1648 2473 ὅλων
1678 2417 1837 2489 ἡμῶν

250 2509 546 2565 ἀπώλειαν.
583 2509 835 2578 λέγοντες
864 2509 1012 2579 ἔχειν
1053 2510 1179 2565 τινὰ
1213 2509 1378 2579 λόγον
1423 2512 1608 2575 αὐτοῖς
1646 2513 1743 2565 καὶ
1776 2511 1837 2565 τὸ

250 2601 349 2655 τοῦ
400 2601 635 2657 θανάτου
671 2601 797 2666 δέος
840 2601 1181 2656 οἰέσθωσαν·
1229 2598 1263 2673 ἢ
1311 2602 1415 2665 ἐως
1447 2600 1513 2656 ἃν
1552 2602 1702 2665 Θεὸς.
1742 2602 1840 2655 καὶ

248 2695 305 2747 σε
336 2694 488 2764 ὀρθοὶ
528 2695 806 2764 λογισμοὶ,
841 2692 937 2747 καὶ
971 2694 1291 2762 φιλοσοφία,
1321 2695 1420 2749 καὶ
1450 2693 1517 2746 τὰ
1549 2692 1673 2748 καθ’
1697 2694 1837 2764 ἠμέ-

252 2803 363 2855 ραν
412 2787 541 2856 περὶ
579 2785 750 2857 αὐτὴν
789 2787 1119 2856 φαινόμενα,
1158 2785 1396 2858 κρείττω
1449 2785 1656 2857 φθορᾶς
1694 2781 1836 2841 εἶναι

247 2877 473 2949 ἐκείνης
495 2876 685 2931 οὐσίαν
715 2878 1183 2933 ἀποδεικνύωσιν⁶
1238 2878 1720 2951 ἀναθαῤῥούντων,
1743 2878 1837 2931 καὶ

252 2969 337 3040 μὴ
362 2971 501 3041 πρὸς
527 2971 590 3024 τὸ
612 2970 814 3042 χρεὼν,
846 2969 1039 3041 ὥσπερ
1059 2970 1141 3034 εἷς
1170 2989 1224 3025 τι
1253 2970 1551 3044 βάραθρον,
1579 2970 1705 3027 ὅθεν
1736 2971 1836 3024 οὐκ

248 3064 406 3119 ἐστιν
431 3063 715 3133 ἀνάδυσις,
756 3062 1167 3134 ἐμπεσούμενοι
1195 3063 1550 3120 διακείσθων.

855 3203 1110 3261 ΚΕΦΔΛ.
1138 3200 1242 3259 ιε’.

327 3346 525 3401 Καίτοι
554 3347 603 3400 εί
637 3344 733 3399 καὶ
767 3344 1045 3411 παντελῶς
1091 3343 1453 3414 ἀφανίζεσθαι
1482 3344 1574 3398 τὸν
1614 3342 1831 3414 ἀνθρωο

250 3457 360 3492 πον
419 3438 738 3493 συνέϐαινεν
773 3438 1213 3510 ἀποθνήσκοντα,
1251 3436 1377 3491 οὐδὲ
1432 3435 1610 3500 οὕτως
1661 3435 1832 3508 ἐχρῆν

247 3532 324 3602 τῇ
356 3530 449 3584 τοῦ
484 3530 718 3584 Θανάτου
777 3530 971 3601 μνήμῃ
1001 3528 1333 3601 τρίϐεσθαι,
1361 3527 1829 3598 ἐνθυμουμένους,

247 3626 399 3676 ὅσων
429 3623 540 3674 τῶν
580 3622 735 3692 παρά
774 3619 868 3674 τοῦ
900 3619 1157 3688 σώματος
1206 3618 1390 3691 ἀηδῶν
1419 3620 1447 3671 ὀ
1492 3618 1609 3689 βίος
1660 3618 1834 3688 ἐμπέ-

250 3715 520 3783 πλησται,
542 3713 640 3767 καὶ
667 3713 743 3777 ὡς
769 3713 1127 3784 κουφότερον,
1151 3709 1500 3781 ἀναισθήτως
1525 3709 1671 3781 ἔχειν
1693 3709 1833 3780 πρὸς

250 3808 437 3861 πάντα
470 3805 784 3877 ἢτοσούτου
815 3803 942 3860 καθ’
972 3804 1192 3877 ἡμέραν
1222 3803 1358 3875 ἡμῖν
1389 3802 1541 3874 παρὰ
1576 3795 1682 3857 ’τοῦ
1730 3800 1835 3855 σώ-

253 3915 429 3970 ματος
468 3898 820 3969 ἐγειρομένου
872 3896 1141 3966 χειμῶνος
1197 3894 1522 3966 ἀνέχεσθαι’
1582 3893 1642 3948 ὃν
1693 3893 1831 3963 μήτε

251 3984 527 4062 πραΰνειν
554 3990 781 4042 δυνατὸν
816 3993 881 4060 τῇ
905 3989 1078 4060 ψυχῇ,
1112 3990 1250 4059 μήτε
1295 3989 1506 4061 φέρειν,
1557 3988 1656 4056 τῆς
1695 4005 1833 4057 συμ-

251 4082 476 4153 πήξεως
529 4081 687 4152 ἡμῶν
747 4079 834 4134 ἐπ’
900 4081 1118 4148 ἐκείνην
1184 4083 1255 4133 τὰ
1287 4081 1483 4135 τούτου
1528 4078 1832 4147 παθήματα

249 4174 708 4242 διαϐιϐαζούτης.
752 4171 926 4227 Τοῦτο
959 4174 1071 4241 γὰρ
1117 4173 1186 4243 τῇ
1235 4171 1409 4243 ψυχῇ,
1448 4171 1642 4242 μέχρις
1670 4170 1736 4224 ἂν
1764 4172 1829 4241 τῇ

251 4269 471 4336 γενέσει
517 4264 769 4337 δουλεύῃ,
806 4263 1041 4333 πάσχειν
1083 4262 1326 4332 ἀνάγκη,
1379 4262 1477 4315 καὶ
1520 4260 1691 4313 πολλά
1724 4262 1830 4313 τῶν

142 4397 153 4405 -
250 4359 352 4415 τοῦ
391 4359 644 4430 σώματος
669 4357 912 4411 ἄκουσαν
948 4357 1028 4420 είς
1070 4354 1271 4425 ἑαυτὴν
1299 4354 1725 4425 παραδέχεσθαι,
1756 4352 1831 4416 ὡς

251 4457 324 4510 ἂν
361 4454 438 4524 μὴ
455 4451 740 4514 παντελῶς
765 4448 1076 4520 κρατοῦσαν
1108 4446 1300 4501 αὐτοῦ.
1329 4445 1480 4498 Ὢπ⁹
1504 4444 1828 4512 ἀναγκαῖον,

1869 1822 1917 1881 Β

1943 565 2285 621 formidabile
2309 566 2467 621 nobis
2496 576 2602 632 est,
2633 566 2734 623 nisi
2762 569 2946 624 animo
2997 569 3052 623 in
3104 569 3298 640 primis
3340 586 3531 640 grave,

1942 658 2036 723 sit,
2063 668 2115 714 et
2143 657 2373 713 felicitas
2402 667 2589 715 nostra
2614 659 2750 714 nihil
2776 660 2921 716 aliud
2979 671 3083 725 est,
3135 676 3297 731 quam
3355 661 3531 731 proba

1945 752 2118 806 animi
2163 752 2508 807 constitutio.
2543 752 2658 807 Nos
2686 753 2833 808 enim
2878 753 3117 817 animus,
3171 760 3228 809 et
3262 753 3531 823 quidquid
3605 774 3620 785 ν

1943 844 2010 898 ad
2043 859 2166 897 eum
2196 844 2459 913 pertinet,
2496 859 2706 901 sumus.
2755 843 2912 913 Quod
2942 846 2986 900 si
3017 845 3064 900 is
3097 846 3291 901 mortis
3311 847 3534 912 pericu-
3623 835 3634 846 “

1941 931 2050 986 lum
2077 949 2188 988 non
2222 933 2353 989 facit
2396 974 2412 1000 ,
2455 934 2591 989 nihil
2626 936 2904 1005 prohibet,
2937 937 3233 1007 quominus
3291 952 3395 991 nos
3428 937 3535 990 im-

1944 1026 2206 1082 mortales
2234 1038 2292 1081 et
2318 1028 2514 1092 simus,
2550 1038 2604 1083 et
2651 1044 3058 1099 nuncupemur.
3115 1028 3273 1097 Quod
3301 1030 3448 1084 enim
3477 1031 3532 1083 in

1944 1113 2102 1170 nobis
2135 1115 2392 1180 moritur,
2424 1124 2480 1170 et
2520 1131 2770 1183 parvum,
2806 1126 2863 1171 et
2887 1133 2996 1171 non
3035 1117 3179 1172 idem
3207 1119 3354 1188 quod
3402 1134 3527 1185 nos,

1943 1204 2039 1260 sed
2070 1216 2317 1261 nostrum
2347 1208 2608 1278 quiddam
2644 1220 2749 1274 est,
2784 1226 2887 1267 rec
2922 1225 3019 1265 sua
3040 1211 3346 1267 mutatione
3383 1227 3523 1267 con-

1944 1306 2029 1352 tra
2066 1315 2167 1353 nos
2207 1300 2399 1354 mortis
2457 1315 2676 1371 quoque
2728 1301 3044 1374 sullragium
3087 1303 3231 1358 ferre
3291 1312 3473 1373 potest
3509 1320 3525 1355 :

1943 1386 2406 1455 quemadmodum
2432 1403 2595 1443 nemo
2620 1391 2835 1460 corpori
2871 1392 3042 1446 malas
3087 1401 3265 1447 vestes
3289 1392 3530 1463 imputa-

1943 1476 2047 1545 bit,
2070 1494 2253 1549 neque
2315 1481 2359 1535 si
2391 1481 2497 1536 illae
2532 1492 2883 1553 rumpantur,
2947 1495 3041 1540 aut
3071 1486 3423 1552 deterantnr,
3477 1487 3531 1541 id

1945 1570 2161 1639 corpori
2192 1572 2445 1627 accidere
2489 1573 2756 1630 censebit.
2822 1575 2879 1631 Si
2929 1587 3112 1632 tamen
3164 1578 3363 1650 exiguo
3429 1580 3533 1633 hoc

1946 1661 2280 1729 intereunte,
2308 1664 2819 1724 homincmidcirco
2881 1670 3167 1725 mortalem
3225 1671 3529 1726 vocandum

1947 1767 2074 1808 esse
2108 1755 2234 1824 quis
2287 1767 2476 1826 putet,
2537 1769 2744 1829 quanto
2783 1761 2991 1832 aquius
3031 1772 3134 1826 est,
3179 1764 3250 1818 oh
3301 1765 3354 1819 id
3386 1765 3531 1835 quod

1947 1849 2122 1920 majus
2145 1861 2246 1915 est,
2291 1853 2538 1916 adeoque
2568 1855 2809 1922 excellit,
2854 1868 2910 1913 et
2944 1858 3227 1914 interitum
3285 1870 3530 1930 superat,

1940 1954 1996 2000 et
2045 1957 2401 2013 manct,eunt
2433 1951 2893 2019 etimmortalem,
2947 1963 3007 2010 et
3059 1954 3195 2011 nulli
3221 1954 3378 2022 ,εἰπύὶ
3433 1954 3531 2011 ob-

1940 2041 2160 2095 noxium
2187 2045 2409 2099 vocari?
2466 2045 2616 2101 Mens
2646 2049 2792 2105 enim
2825 2049 2965 2115 sola,
2993 2066 3168 2122 purus
3195 2051 3359 2108 homo
3395 2062 3479 2107 est
3509 2068 3527 2107 ι

1952 2133 2007 2190 in
2029 2149 2202 2206 eaque
2249 2138 2385 2206 sola,
2441 2140 2735 2211 prudentia
2764 2150 2820 2199 et
2859 2144 3207 2201 ratiocinatio
3258 2146 3378 2206 sita,
3418 2155 3526 2208 est.

1939 2227 2139 2297 quibus
2176 2228 2341 2286 homo
2368 2246 2397 2289 a
2430 2233 2658 2305 reliquis
2706 2235 3080 2292 animantibus
3144 2238 3525 2311 distinguitur.

1938 2320 2046 2373 Ant
2069 2320 2232 2392 igitur
2276 2312 2366 2394 qui
2402 2325 2610 2381 obitum
2651 2337 2795 2385 totos
2861 2345 2963 2385 nos
3013 2329 3247 2401 perdere
3305 2331 3524 2396 dicunt,

1940 2412 2174 2484 aliquam
2207 2415 2461 2473 timendae
2485 2420 2681 2475 mortis
2727 2437 2953 2477 causam
2982 2438 3044 2478 se
3071 2423 3276 2481 trahere
3308 2434 3551 2497 putent,

1939 2504 2566 2585 uhidemonstraverint
2609 2512 2857 2567 animum
2912 2515 3206 2570 mortalem
3266 2531 3406 2585 esse,
3469 2530 3537 2574 et

1938 2609 2063 2649 cum
2096 2612 2322 2668 corpore
2353 2581 2531 2669 abire,
2599 2614 2694 2660 aut
2717 2607 2897 2675 quoad
2930 2607 3076 2664 Deus
3111 2618 3168 2664 et
3205 2620 3354 2666 recta
3389 2581 3547 2668 ratio.

1938 2700 1994 2743 et
2023 2688 2395 2762 philosophia,
2425 2704 2481 2751 et
2511 2710 2573 2750 ea
2606 2712 2727 2766 quat
2765 2697 2821 2753 in
2882 2698 3005 2769 ipso
3046 2702 3249 2757 animo
3284 2704 3539 2773 quotidie

1937 2791 2229 2849 apparent,
2286 2785 2682 2853 demonstrant,
2739 2789 2863 2858 ejus
2931 2793 3228 2847 essentiam
3296 2794 3529 2852 interire

1938 2886 2049 2927 non
2075 2888 2254 2942 posse,
2287 2876 2558 2956 recipiapt
2581 2879 2852 2948 animum,
2885 2896 3067 2952 neque
3092 2884 3164 2941 ita
3188 2901 3327 2958 erga
3352 2887 3541 2943 fatum

1936 2963 2117 3019 affecti
2158 2966 2290 3032 sint,
2324 2968 2481 3037 quasi
2541 2968 2596 3024 in
2636 2970 2953 3028 barathrum
2986 2975 3285 3045 quoddam,
3316 2993 3381 3034 ex
3412 2995 3543 3048 quo.

1936 3054 2121 3112 nullus
2146 3072 2427 3129 regressus
2457 3070 2661 3133 pateat,
2695 3066 2875 3120 casuri
2907 3066 3039 3122 sint.

2538 3198 2769 3256 CAPUT
2826 3201 2969 3259 XIX.

2005 3327 2211 3396 Quodsi
2244 3348 2376 3389 vero
2404 3335 2685 3405 hominem
2716 3350 2896 3398 morte
2928 3345 3154 3412 penitus
3185 3348 3357 3405 deleri
3391 3368 3527 3409 con-

1935 3422 2190 3493 tingeret,
2221 3438 2293 3481 ne
2324 3427 2406 3482 sic
2445 3428 2667 3497 quidem
2690 3434 2881 3488 mortis
2913 3439 3173 3493 memoria
3186 3454 3522 3514 quemquam

1933 3513 2094 3587 afﬂigi
2121 3528 2420 3588 oporteret,
2439 3522 2537 3577 sed
2560 3522 2910 3594 cogitandum
2938 3528 3124 3598 potius
3154 3544 3322 3601 esset,
3342 3513 3522 3606 quan-

1935 3607 2008 3664 tis
2047 3611 2301 3679 corporis
2329 3612 2597 3670 molestiis
2622 3616 2728 3672 vita
2750 3617 2953 3676 referta
3007 3621 3102 3690 sit,
3134 3634 3191 3679 et
3213 3639 3423 3697 quanto
3452 3631 3524 3685 sit

1933 3700 2133 3770 levius,
2171 3704 2353 3760 omnis
2379 3719 2575 3762 sensus
2602 3721 2884 3781 expertem
2912 3728 3059 3781 esse,
3118 3732 3283 3787 quam
3314 3729 3522 3778 tantam

1937 3800 2340 3865 tempestatem,
2367 3814 2492 3869 qua:
2521 3817 2553 3855 a
2584 3817 2823 3873 corpore
2850 3807 3012 3862 nobis
3064 3808 3121 3865 in
3161 3811 3283 3867 dies
3311 3815 3523 3868 excita-

1930 3896 2045 3955 tur,
2076 3889 2331 3956 tolerare,
2362 3907 2526 3961 quam
2560 3895 2782 3950 animus
2811 3913 2989 3968 neque
3029 3899 3307 3977 frangere,
3339 3921 3522 3976 neque

1947 3981 2091 4051 torre
2119 3992 2320 4052 potest,
2344 4000 2466 4040 cum
2503 4002 2794 4058 compages
2824 4000 3035 4055 nostra,
3107 3998 3356 4064 corporis
3384 3996 3524 4053 απο-

1935 4076 2146 4129 ctiones
2173 4076 2241 4130 ad
2271 4092 2392 4131 cum
2430 4080 2781 4135 transmittat.
2826 4082 2960 4136 Nam
3019 4083 3121 4138 hoc
3170 4086 3357 4141 animo
3418 4106 3520 4143 ne-

1934 4169 2177 4222 cessario
2218 4168 2633 4237 ferendumest,
2672 4174 2798 4228 dum
2823 4177 3165 4246 generationi
3218 4180 3415 4248 servit,
3465 4193 3525 4237 et

1932 4258 2102 4311 multa
2133 4274 2253 4328 quae
2283 4262 2348 4315 ad
2378 4275 2579 4332 corpus
2607 4265 2868 4333 attinent,
2928 4269 3115 4324 invito.
3148 4272 3203 4327 in
3258 4287 3321 4327 se
3371 4277 3516 4330 reci-

1932 4348 2130 4418 pienda
2155 4362 2303 4415 sunt,
2334 4360 2395 4407 ut
2426 4354 2520 4423 qui
2551 4354 2626 4411 illi
2663 4372 2772 4412 non
2808 4361 3032 4429 penitus
3090 4362 3344 4430 imperet.
3377 4365 3521 4430 Qua-

1931 4455 1991 4496 re
2020 4440 2218 4497 inﬁniti
2245 4443 2462 4501 labores
2492 4450 2805 4505 necessario
2852 4451 3017 4508 nobis
3075 4454 3201 4525 ejus
3229 4470 3392 4511 causa
3421 4473 3513 4512 ca-

250 4542 542 4612 ἀπέραντα
601 4541 784 4593 πονεῖν
842 4538 1014 4608 ἡμᾶς,
1070 4534 1378 4606 ἀμύνοντας
1427 4532 1506 4621 τῷ
1562 4531 1828 4603 μηδέποτ’

1938 4533 2124 4604 piendi
2148 4547 2298 4605 sunt,
2329 4539 2474 4609 quod
2501 4556 2781 4612 nunquam
2828 4558 2938 4599 non
2987 4545 3042 4601 id
3075 4546 3223 4602 bello
3280 4548 3512 4621 petitur,

250 4631 417 4693 ἐκτὸς
444 4629 638 4682 ἑστῶτι
672 4625 940 4696 πολέμου,
971 4624 1068 4679 νῦν
1101 4623 1200 4694 μὲν
1235 4622 1326 4676 τὸν
1348 4620 1508 4693 λιμὸν
1545 4621 1695 4690 αὐτῷ
1728 4637 1833 4674 πα-

253 4722 737 4800 ραμυθουμένους,
764 4718 955 4775 ἄλλοτε
1003 4717 1095 4770 καὶ
1129 4717 1230 4786 τὴν
1262 4715 1423 4786 δίψαν
1461 4714 1788 4779 σϐεννύντας
1815 4729 1830 4747 ο

251 4819 353 4875 καὶ
380 4816 509 4870 ποτὲ
547 4815 646 4884 μὲν
681 4812 832 4884 αὐτῷ
871 4810 1234 4882 προϐλήματα
1273 4808 1411 4881 πρὸς
1459 4806 1633 4877 ψῦχος
1662 4824 1834 4862 κατα-

254 4908 650 4974 σκευάζοντας,
699 4904 829 4958 ποτὲ
869 4905 925 4958 δὲ
981 4903 1119 4975 πρὸς
1160 4900 1351 4972 καῦμα
1400 4902 1832 4973 μηχανωμένους

252 5000 412 5071 αὐτῷ
443 4997 790 5060 καταδύσεις.
823 4995 929 5047 Καὶ
965 4992 1158 5047 σιωπῶ
1196 4992 1296 5055 τάς
1323 4992 1468 5063 ὑπὲρ
1494 4988 1591 5044 τοῦ
1634 5006 1831 5061 πορισ-

256 5095 368 5167 μοῦ
394 5094 623 5156 τούτων,
655 5090 799 5146 κατά
831 5105 893 5141 τε
942 5088 1045 5158 γῆν
1075 5085 1171 5141 καὶ
1216 5085 1484 5140 θάλατταν
1517 5084 1834 5155 ἀποδημίας

253 5189 352 5244 καὶ⁸
375 5187 475 5251 τὰς
503 5187 642 5258 ὑπὲρ
667 5180 856 5236 ὀϐολοῦ
879 5180 1141 5244 πολλάκις
1168 5177 1500 5250 καταράτοις
1520 5176 1834 5247 ἀνθρώποις

252 5275 683 5347 προσαγομένας
741 5269 984 5333 θωπείας
1029 5285 1090 5320 τε
1149 5269 1246 5320 καὶ
1285 5264 1746 5340 δουλοπρεπείαςο
1804 5264 1833 5319 ὃ

253 5372 401 5430 τίνος
431 5365 492 5421 ὃν
519 5364 822 5437 βαρύτερον
856 5360 1054 5432 βρόχου
1092 5357 1387 5431 ἀνθρώπῳ,
1430 5356 1524 5411 καὶ
1570 5358 1714 5412 κατά
1742 5374 1833 5426 μι-

255 5461 394 5529 κρὸν
456 5456 653 5513 ἑαυτοῦ
704 5446 1022 5529 ᾐσθημένῳ,
1082 5451 1178 5505 καὶ
1233 5449 1552 5521 θεωροῦντι,
1595 5449 1688 5518 ἀφ’
1717 5449 1831 5503 οἵου

254 5552 520 5623 ἀληθείας
558 5549 654 5603 καὶ
699 5549 900 5617 ἀρετῆς
937 5540 1107 5615 ὕψους
1159 5545 1239 5606 εἰς
1295 5542 1415 5596 οἵαν
1462 5542 1833 5596 καταπίπτειν

259 5642 607 5714 βωμολοχίαν
653 5641 750 5692 καὶ
786 5636 1072 5691 εὐτέλειαν
1119 5634 1524 5704 ἁναγιιάζεται;
1562 5635 1629 5689 Τί
1677 5633 1723 5689 δ’
1767 5633 1835 5693 ἂν

254 5736 405 5790 εἴποι
431 5753 515 5799 τις
542 5735 638 5796 τὰς
666 5734 723 5786 ἐν
749 5731 869 5795 ταῖς
900 5727 1271 5792 παντοδαπαῖς
1299 5727 1477 5792 νόσοις
1500 5726 1716 5793 ὀδύνας,
1739 5729 1836 5786 καὶ

252 5827 323 5883 τδ
358 5820 619 5891 πολλάκις
675 5824 775 5898 μὲν
822 5822 966 5877 οὕτω
997 5821 1059 5876 τὸ
1120 5819 1278 5895 σῶμα
1312 5818 1832 5890 διαϐιϐρώσκεσθαι,

1935 4623 2067 4680 dum
2088 4624 2224 4682 alias
2253 4627 2453 4685 famem
2478 4630 2598 4699 ejus
2626 4632 2904 4700 sedemus,
2938 4636 3075 4693 alias
3098 4636 3250 4692 sitim
3303 4640 3531 4695 exstin-.

1934 4716 2173 4787 guintus,
2201 4718 2339 4776 alias
2360 4721 2532 4793 frigus
2564 4723 2633 4779 ab
2667 4739 2733 4780 eo
2763 4727 3163 4798 propulsamus,
3199 4731 3535 4799 aliasilot-a,‘

1933 4823 2055 4876 qua:
2084 4821 2247 4867 aestus
2310 4813 2583 4872 devitandi
2638 4832 2808 4875 causa
2859 4804 3073 4886 subeat,
3120 4827 3517 4896 excogitatum.

1934 4899 2115 4956 Taceo
2162 4906 2653 4977 peregrinationes,
2703 4919 2850 4967 terra
2913 4914 3163 4984 marique
3211 4928 3539 4989 susceptas,

1933 4995 2127 5052 Irarum
2156 5013 2337 5054 rerum
2370 5002 2733 5071 parandarum
2793 5021 3003 5064 causa:
3043 5019 3097 5064 et
3133 5008 3425 5071 blanditias
3451 5029 3527 5071 an

1932 5091 2163 5145 serviles
2195 5103 2409 5169 gestus,
2448 5094 2541 5163 qui
2573 5109 2714 5167 sepe
2743 5108 2965 5168 propter
2987 5099 3204 5157 obolnm
3224 5117 3521 5162 exsecran-

1932 5182 2017 5237 dis
2044 5182 2362 5242 hominibus
2412 5195 2765 5256 praestantur.
2818 5189 2952 5258 Qua:
3007 5208 3119 5261 res,
3176 5197 3519 5267 quolaquco

1934 5272 2148 5342 gravior
2173 5282 2257 5329 est
2283 5273 2509 5343 homini,
2537 5277 2631 5348 qui
2660 5279 2742 5334 vel
2767 5280 2993 5337 minima
3022 5297 3090 5338 ex
3132 5294 3291 5354 parte
3308 5296 3515 5347 ueniet-

1934 5365 2110 5434 ipsum
2145 5366 2297 5425 novit
2352 5377 2406 5424 et
2461 5370 2794 5440 considerat,
2827 5388 2857 5428 a
2907 5383 3117 5444 quanto
3165 5377 3414 5437 veritatis
3461 5391 3519 5435 et

1932 5456 2150 5513 virtutis
2184 5458 2422 5530 fastigio,
2455 5462 2523 5515 ad
2551 5477 2689 5531 quas
2721 5479 2931 5534 nugas,
2969 5475 3027 5521 et
3056 5467 3390 5537 quisquilias
3413 5472 3512 5527 de.

1934 5546 2117 5605 cidere
2138 5551 2407 5620 cogatur?
2449 5551 2570 5611 1am
2600 5554 2731 5624 qn'd
2759 5555 2830 5611 de
2856 5557 3129 5613 variorum
3196 5561 3519 5619 morborum

1933 5639 2211 5696 doloribus
2235 5639 2528 5699 dicendum
2551 5644 2676 5699 est?
2721 5660 2845 5700 cum
2879 5660 3024 5717 saepe
3052 5661 3254 5716 corpus
3284 5649 3360 5705 ita
3385 5665 3516 5706 ero-

1934 5729 2113 5797 datur,
2141 5741 2201 5788 ut
2233 5730 2319 5786 vix
2341 5732 2673 5799 calamitosa:
2731 5740 2935 5794 veteris
2985 5740 3225 5800 hominis
3275 5745 3522 5812 reliquias

1936 5820 2258 5894 supersint?
2319 5823 2502 5883 Miseri
2539 5827 2703 5899 igitur
2759 5844 2871 5887 non
2907 5834 3068 5891 modo
3117 5850 3225 5891 non
3284 5850 3515 5907 possunt
