4070 6468
324 344 458 413 1209

1452 341 1549 402 DE
1588 335 2161 402 CONTEMNENDA
2202 325 2462 400 nolim

3436 327 3491 397 ιε
3506 328 3572 395 lt)

321 469 408 524 ἀεὶ
429 469 531 535 τὴν
552 465 732 532 δίκην,
787 464 879 515 καὶ
909 459 1115 525 δεδιὼς,
1145 456 1240 513 καὶ
1271 460 1443 532 ταῦτῃ
1504 460 1776 530 μηδεμίαν
1807 459 1891 513 αἴ-

2012 474 2150 513 nens
2177 467 2231 513 et
2256 468 2507 512 metuens
2544 472 2557 509 :
2592 470 2693 510 nec
2738 454 2826 508 hic
2883 454 3053 508 ullum
3114 469 3333 510 sensum
3394 456 3573 526 perci-

323 560 517 629 οθήσιν
561 555 865 624 λαμόάνων
908 552 1023 606 τῶν
1053 552 1363 621 λεγομένων
1414 550 1647 620 ἡδονῶν·
1680 550 1787 603 κᾶν
1815 549 1894 619 τῷ

327 650 574 721 μέλλοντι
599 648 709 698 τῶν
738 645 835 698 νῦν
861 644 1338 714 προσδοκωμένων
1360 643 1394 713 η
1428 644 1595 712 πεῖρά
1634 659 1691 694 σε
1716 659 1894 695 κατα-

322 740 576 813 λήψεται.
595 740 694 792 Ἂν
723 738 780 792 δὲ
814 738 1015 808 μικρὸν
1036 736 1338 807 άνανήῴῃς,
1371 736 1461 788 καὶ
1494 734 1593 786 τοῦ
1617 730 1898 804 σώφρονος

322 834 436 904 ἀξίῃ
472 830 609 901 βίου,
643 832 749 882 κάν
781 829 860 898 τῷ
906 829 1133 897 παρόντι
1163 829 1287 889 ταῖς
1318 827 1553 894 ἀγαθαῖς
1585 825 1693 878 τῶν
1746 825 1901 877 ἑλπί-

321 925 429 977 δων
489 912 729 992 ἡσθήσῃ,
765 921 869 973 κᾶν
920 916 1002 988 τῷ
1063 916 1313 987 μέλλοντι
1378 916 1496 985 μετ’
1557 912 1900 984 εὐφροσύνης

321 1013 543 1077 διάξεις,
576 1012 640 1065 οὐ
665 1012 776 1064 ’τῶν
800 1008 1080 1080 δυσχερῶν
1115 1009 1274 1079 μόνον
1300 1006 1546 1060 ἐκποδὼν
1564 1005 1896 1074 γενομένων,

321 1105 462 1159 ἀλλὰ
496 1105 593 1157 καὶ
644 1103 752 1156 τῶν
797 1102 1024 1167 ἀγαθῶν
1074 1102 1298 1154 πάντων
1360 1100 1480 1169 μετ’
1510 1097 1776 1167 ἀφθονίας
1816 1098 1901 1149 σοὶ

324 1194 815 1267 παραγενομένων.
858 1194 1022 1258 Ἀλλ’,
1077 1193 1154 1255 ὡς
1205 1192 1371 1257 ἔοικε,
1429 1190 1526 1244 τοῦ
1584 1191 1901 1261 παραυτίκα

324 1291 480 1360 ἡδέος
529 1289 841 1357 γινόμενος,
904 1288 1007 1355 τῆς
1064 1285 1384 1355 ἐλευθερίας
1430 1276 1902 1337 ὲπιλανθάνεικαὶ

328 1372 545 1450 συνεχεῖ
586 1381 777 1449 τρόμῳ
831 1379 1002 1449 ωζῇν
1049 1378 1254 1449 ἀνέχῃ·
1303 1375 1633 1446 βουλόμενος
1680 1376 1739 1427 δὲ
1792 1374 1901 1425 τῶν

325 1471 548 1524 ὀνειδῶν
590 1470 956 1524 ἀπαλλάττειν
985 1469 1209 1530 σαυτὸν,
1248 1468 1324 1536 τῷ
1357 1466 1573 1536 Θανάτῳ
1607 1464 1801 1537 λογίζῃ
1843 1463 1903 1516 τὸ

325 1564 465 1626 δέος,
501 1562 622 1617 δέον
654 1563 852 1616 σαυτὸν
888 1562 984 1615 ἐπὶ
1028 1564 1097 1633 τῇ
1132 1561 1245 1615 τῶν
1274 1561 1572 1631 αἰσχίστων
1599 1558 1736 1629 ἥττῃ
1768 1573 1906 1625 κρη-

330 1654 561 1722 μνίζειν.
609 1655 1056 1724 Συμπεραίνουσι
1090 1655 1272 1707 τοίνυν
1319 1653 1413 1706 δύο
1452 1654 1611 1704 ταυτὶ
1655 1650 1903 1717 φαίνεται

327 1747 478 1799 αἴτια
502 1747 599 1799 τοῦ
628 1747 722 1799 τὸν
760 1747 991 1801 θάνατον
1015 1747 1274 1801 δεδιέναι.
1307 1745 1375 1800 Ἢ
1416 1746 1524 1814 γὰρ
1563 1743 1775 1815 ἀμαθίᾳ.
1795 1743 1903 1795 τινὶ

2003 554 2159 621 piens
2175 566 2360 605 earum
2384 564 2505 619 quae
2541 549 2843 616 voluptates
2868 547 3124 602 dicuntur
3154 565 3169 601 :
3200 547 3254 602 in
3295 558 3571 616 posterum
3606 548 3615 561 ³

2000 643 2178 711 reipsa
2202 641 2500 707 experieris
2526 654 2609 699 ea.
2637 655 2758 709 quae
2797 654 2943 693 nunc
2973 648 3277 708 exspectas.
3322 639 3498 704 Quod
3527 639 3572 691 si

2004 734 2281 805 paulisper
2310 732 2376 787 ad
2410 744 2596 785 sanam
2630 718 2866 784 mentem
2901 729 3154 793 redieris,
3205 738 3260 784 et
3287 729 3408 783 vitm
3458 744 3576 781 mo-

2004 827 2172 881 destae
2202 821 2741 895 periculnmleceris.
2789 821 2949 876 etiam
3006 821 3061 875 in
3124 821 3414 890 praesentia
3479 833 3577 889 spe

2003 915 2148 970 bona
2182 914 2563 977 delcetaberis,
2611 922 2665 967 et
2693 912 2953 981 deinceps
2975 913 3218 967 suaviter
3239 922 3451 967 n-tatem
3483 913 3578 967 (le-

2005 1022 2117 1079 ges,
2145 1022 2252 1060 non
2283 1005 2551 1060 molestiis
2592 1004 2753 1059 modo
2792 1005 3038 1070 remotis,
3094 1005 3186 1059 sed
3218 1004 3378 1059 bonis
3414 1006 3577 1059 etiam

2005 1100 2260 1154 omnibus
2291 1100 2522 1154 ubertim
2570 1096 2666 1152 tibi
2724 1096 3092 1152 afﬂuentibus.
3157 1084 3291 1152 Sed
3323 1097 3575 1167 praesenti

2006 1191 2271 1247 suavitat'r
2287 1199 2339 1245 te
2364 1192 2420 1244 In
2447 1190 2770 1244 servitutem
2798 1189 3013 1243 tradere
3037 1189 3305 1243 libertatis
3326 1190 3578 1252 oblitum,

2006 1296 2187 1350 neque
2212 1294 2464 1335 recusare
2488 1289 2540 1335 te
2577 1276 2631 1334 in
2661 1291 2928 1350 perpetuo
2958 1289 3196 1335 tremore
3226 1281 3409 1335 vivere
3446 1282 3580 1335 satis

2005 1388 2247 1443 appare'.
2289 1374 2395 1427 Sed
2417 1374 2545 1427 dum
2586 1382 2639 1427 te
2664 1373 2867 1440 probro
2897 1374 3133 1426 liberare
3154 1372 3362 1436 studes,
3414 1373 3578 1426 morti

2007 1469 2255 1523 timorem
2288 1471 2546 1537 imputas,
2573 1480 2698 1521 cum
2730 1467 2847 1536 ipse
2870 1477 2920 1520 te
2942 1467 3166 1535 culpare
3185 1466 3435 1529 deberes,
3486 1464 3581 1536 qui

2009 1562 2339 1630 turpissimis
2370 1562 2529 1616 rebus
2553 1561 2900 1617 suecmnbas.
2933 1560 3087 1627 Quod
3116 1560 3160 1614 si
3201 1559 3259 1614 in
3313 1575 3581 1615 summam

2007 1654 2418 1716 contrahamus,
2445 1656 2579 1707 duas
2619 1669 2741 1708 esse
2778 1670 2974 1709 causas
3017 1663 3264 1724 apparet,
3316 1669 3416 1708 cur
3439 1670 3585 1709 mors

2011 1746 2286 1799 timeatur.
2332 1744 2462 1797 Nam
2489 1745 2592 1798 hoc
2648 1753 2743 1798 aut
2795 1744 3011 1799 inscitia
3077 1744 3313 1811 quadam
3358 1744 3582 1808 accidit,

327 1839 491 1893 τοῦτο
515 1840 825 1907 συμϐαίνει,
881 1839 1049 1910 μηδὲν
1081 1835 1224 1892 εἶναι
1263 1839 1419 1909 παρὰ
1467 1839 1532 1891 τὸ
1587 1836 1748 1906 σῶμα
1794 1834 1903 1914 τῷν

2012 1853 2131 1892 cum
2168 1839 2416 1891 homines
2445 1852 2507 1891 se
2543 1847 2742 1906 praeter
2770 1852 2970 1905 corpus
3028 1839 3167 1892 nihil
3225 1822 3345 1892 esse
3396 1837 3585 1893 existi-

330 1929 637 1995 ἀνθρώπων
686 1931 915 1994 ἑαυτοὺς
953 1933 1278 2000 οἰομένωνκ
1308 1932 1364 2002 ἢ,
1425 1930 1482 1984 el
1509 1947 1565 1985 τι
1610 1930 1702 1983 καὶ
1749 1928 1903 1999 παρὰ

330 2020 473 2074 τοῦτ’
510 2022 746 2077 ὲττὶνὲν
783 2023 988 2086 αὐτοῖς,
1020 2023 1100 2092 τῷ
1154 2025 1370 2091 σώματι
1401 2021 1561 2074 τοῦτο
1591 2023 1687 2073 καὶ
1726 2022 1904 2072 συνεῖ-

332 2131 442 2176 ναι,
475 2112 571 2166 καὶ
604 2115 1069 2169 συναπόλλυσθαι.
1103 2116 1213 2171 Καὶ
1243 2115 1332 2167 διά
1373 2114 1554 2180 τοῦτο,
1592 2112 1688 2180 τῆς
1714 2111 1905 2165 τελευ-

329 2206 427 2274 τῆς
447 2204 808 2276 προσιούσης,
844 2203 1234 2272 ταράττονται,
1264 2203 1342 2265 ὡς
1381 2202 1449 2257 ἂν
1480 2201 1697 2264 οὐδενὸς
1719 2201 1902 2262 αὐτοῖς

332 2298 473 2365 μετὰ
492 2298 579 2350 τὸν
617 2295 847 2349 θάνατον
869 2295 1022 2358 ὄντος
1054 2295 1264 2357 λοιποῦ,
1288 2297 1385 2348 καὶ
1401 2297 1527 2355 ταῖς
1543 2293 1755 2359 ἡδοναῖς
1774 2292 1905 2344 ἑαυ-

329 2391 455 2450 τοὺς
478 2388 835 2456 παραδόντες,
854 2386 1083 2455 ἀλγοῦσι
1100 2387 1306 2441 τούτων
1332 2385 1664 2457 χωρίζεσθαι
1683 2384 1909 2449 μέλλον-

330 2495 443 2544 τες,
465 2479 725 2548 οὐδεμίαν
753 2480 919 2549 ἄλλην
942 2479 1130 2535 ἄλλοθι
1149 2479 1260 2534 τῶν
1280 2480 1381 2549 τῆς
1399 2476 1816 2548 σαρκὸςὴδονῶν
1845 2477 1909 2547 ἠ-

329 2572 537 2625 δίωκαὶ
562 2571 1227 2642 καθαρωτέρανεὺρήσειν
1250 2570 1747 2636 ὲλπίξοντε;.Ὤστ’
1765 2569 1909 2624 εἰκό-

329 2681 439 2727 τως
463 2664 793 2736 δακρύοντες
812 2664 1055 2737 χωροῦσι
1082 2664 1215 2735 πρὸς
1234 2665 1296 2719 τὸ
1315 2665 1514 2737 χρεὼν,
1532 2666 1608 2728 ὡς
1638 2666 1705 2720 ἂν
1723 2666 1935 2728 αὐτοῖς-

332 2756 653 2811 παιντάπασι
679 2755 777 2810 τοῦ
810 2757 1020 2826 ἀγαθοῦ
1052 2758 1149 2811 καὶ
1167 2757 1262 2811 τοῦ
1284 2758 1473 2822 τέλους
1506 2757 1907 2828 ἀπολλυμένου.

907 2850 1163 2904 ΚΕΦΔΛ.
1202 2848 1327 2905 KA'.
1584 2910 1596 2924 ,

401 2940 628 2994 Teii-tow
656 2940 715 2993 δὲ
738 2941 855 3003 τοιτν
884 2940 1032 2995 δυοῖν
1061 2943 1153 2995 ὑπ’
1196 2943 1451 3013 ἀλλήλων
1492 2946 1524 3014 ἡ
1564 2942 1804 3011 γένεσις.
1845 2944 1912 2997 Ἠ

336 3033 433 3099 μὲν
457 3033 564 3102 γὰρ
591 3033 700 3085 τῶν
734 3033 939 3104 ἡδονῶν
970 3033 1209 3098 δουλεία,
1241 3037 1341 3105 τὴν
1366 3034 1548 3106 ψυχὴν
1582 3035 1660 3105 τῷ
1695 3036 1910 3104 σώματι

2006 1937 2176 1993 mant,
2209 1918 2369 1982 autsi
2409 1930 2621 1982 tametsi
2658 1929 2711 1981 in
2731 1927 2796 1982 iis
2826 1927 3029 1996 aliquid
3062 1918 3259 1998 praeter
3306 1929 3436 1981 illud
3490 1927 3582 1992 sit,

2007 2020 2060 2075 id
2092 2035 2195 2074 una
2219 2034 2340 2074 cum
2367 2034 2595 2087 corpore
2625 2028 2682 2074 et
2712 2033 2832 2073 esse
2861 2033 2915 2073 et
2944 2020 3169 2074 interire
3192 2031 3405 2090 putant.
3437 2021 3459 2074 l
3495 2037 3591 2076 eo-

2005 2125 2110 2180 que
2145 2111 2239 2180 qui
2270 2109 2640 2178 voluptatibus
2671 2123 2794 2164 sese
2829 2111 3196 2172 tradiderunt,
3259 2120 3434 2165 morte
3493 2111 3589 2165 ad-

2006 2210 2263 2256 ventante
2320 2199 2742 2266 conturbantur,
2802 2204 2960 2268 quasi
2992 2201 3123 2253 nihil
3175 2202 3247 2255 sit
3312 2201 3399 2257 iis.
3464 2212 3590 2271 post

2008 2303 2241 2349 inertem
2274 2292 2467 2362 reliqui
2511 2310 2525 2347 :
2574 2298 2631 2347 et
2653 2293 2857 2355 dolent,
2895 2306 3020 2346 cum
3072 2292 3155 2346 ha:
3214 2292 3621 2362 relinquendm‘

2007 2393 2156 2449 sunt,
2184 2384 2333 2455 quod
2353 2385 2645 2455 desperent
2682 2399 2745 2440 se
2776 2399 3006 2455 usquam
3038 2386 3200 2440 aliam
3233 2388 3585 2447 suavitatem,

2008 2475 2189 2532 carnis
2269 2477 2639 2547 voluptatibus
2707 2478 3086 2548 iucundiorem
3156 2487 3213 2532 et
3268 2479 3587 2548 'purierem

2008 2578 2365 2637 reperturus.
2443 2569 2632 2640 Itaque
2704 2586 2817 2625 non
2891 2572 3093 2642 injuria
3149 2586 3277 2625 eum
3336 2572 3629 2641 laetymis'

2010 2661 2125 2715 l‘ato
2157 2660 2489 2725 concedunt.
2517 2661 2787 2718 nimirum
2818 2663 2966 2719 bono
2998 2675 3056 2718 et
3090 2661 3200 2719 ﬁne
3260 2664 3327 2718 iis
3372 2664 3593 2734 penitus

2012 2762 2296 2824 pereunte.

2619 2846 2850 2903 CAPUT
2913 2846 3105 2903 XXIV.

2085 2940 2288 2997 Verum
2317 2941 2515 2998 horum
2549 2940 2808 3003 duorum,
2843 2940 3082 2994 alterum
3116 2955 3183 2995 ex
3216 2938 3391 2995 altero
3413 2941 3593 2995 nasci-
3630 2950 3645 2973 ί

2014 3046 2123 3089 tur.
2157 3032 2288 3089 Nam
2317 3033 2663 3101 voluptatum
2711 3031 2951 3088 servitus
2980 3047 3104 3086 cum
3157 3033 3402 3088 anitnum
3470 3049 3594 3086 cori-
3640 3052 3647 3059 ’

333 3128 608 3191 παντελῶς
637 3127 973 3197 ἀναμίξασα,
1005 3128 1066 3181 οὗ
1116 3131 1396 3198 συγχωρεῖ
1443 3129 1650 3198 ταύτην
1681 3129 1909 3198 εἱλικρι-

2012 3127 2130 3197 pori
2174 3125 2333 3195 plane
2357 3125 2726 3191 commiscuit,
2759 3139 2869 3180 non
2900 3127 3128 3195 patitur,
3164 3139 3291 3180 eum
3318 3141 3379 3180 se
3407 3126 3587 3194 ipsum

331 3221 438 3274 νῶτ
467 3221 668 3290 ἑαυτὴν
690 3193 929 3275 κατιδεῖν
949 3237 965 3253 ο
1000 3222 1113 3274 ἀλλ’
1387 3193 1625 3293 μίγμιτι
1676 3193 1908 3290 συντυγ-

2013 3216 2301 3288 perspicue
2326 3216 2598 3282 contueri,
2633 3216 2728 3271 sed
2756 3226 3021 3286 perpetua
3065 3216 3463 3272 commistionis
3522 3218 3589 3271 il-

334 3309 512 3380 χάιων
542 3312 570 3363 ὁ
593 3311 902 3381 ἄνθρωπος,
947 3312 1041 3365 καὶ
1071 3312 1203 3383 ὅλης
1248 3313 1317 3367 δι’
1345 3313 1472 3366 ὅλου
1509 3312 1604 3366 τοῦ
1651 3311 1907 3381 σώματος

336 3399 810 3474 συμπεφυρμένης
867 3405 966 3472 τῆς
1015 3405 1195 3476 ψυχῆς
1248 3406 1663 3475 αισθανόμενος,
1716 3405 1910 3473 ὥσπερ

335 3497 518 3567 πολλῴ
546 3497 624 3567 τῷ
652 3496 762 3551 τῶν
793 3498 1140 3568 άτιμοτέρων
1173 3498 1454 3569 μετάλλων
1484 3498 1634 3562 γένει
1682 3498 1907 3569 χρυσίου

335 3589 540 3657 ὀλίγον,
594 3588 691 3644 καὶ
755 3589 828 3643 δι’
872 3590 1186 3661 ἐπιστήμης
1241 3589 1476 3652 ἔνδειαν,
1537 3591 1908 3660 μεταλλευτοῦ

337 3681 547 3749 φαύλου
577 3681 754 3751 δίκην,
786 3681 1032 3752 ἀλλήλων
1076 3684 1138 3736 οὐ
1173 3682 1476 3753 δυνάμενος
1519 3683 1694 3739 ταῦτα
1739 3684 1908 3754 χωρί-

337 3777 476 3839 ζειν,
509 3774 589 3845 τῷ
619 3775 932 3846 φαινομένῳ
953 3777 1308 3847 προστίθεται
1335 3795 1349 3809 ·
1376 3778 1471 3832 καί
1502 3795 1670 3847 φησιν
1698 3777 1912 3847 ἄνθρω-

340 3884 439 3918 πον
469 3862 608 3919 εἶναι
649 3865 740 3919 τὸν
766 3867 1069 3937 δυνάμενον
1097 3870 1221 3923 ὅσον
1272 3870 1546 3924 πλείστων
1574 3871 1780 3939 ἡδονῶν
1808 3874 1914 3938 ἐμ-

340 3957 649 4029 φορεῖσθαι,
679 3960 840 4014 τοῦτο
893 3961 1074 4030 μόνον,
1125 3962 1153 4016 δ
1180 3980 1232 4015 τι
1264 3963 1455 4031 φάγοι,
1497 3964 1609 4017 καὶ
1643 3964 1777 4023 πίοι.
1815 3964 1914 4017 καὶ

337 4051 677 4119 λαγνεύσειε,
710 4052 901 4122 κέρδος
923 4051 1250 4124 ἡγούμενος.
1281 4055 1309 4108 δ
1340 4054 1767 4125 Σαρδανάπαλον
1794 4055 1916 4108 tm-

339 4143 550 4213 γράψαι
579 4143 658 4213 τῷ
687 4146 938 4215 μνήματι
967 4146 1207 4216 λέγεται,
1249 4147 1397 4201 τοῦτ’
1433 4147 1597 4211 αὐτὸς
1628 4147 1914 4214 ἀνεξάλει-

336 4253 473 4291 πτον
503 4237 800 4308 ἐγγράφων
831 4239 891 4292 ἐν
930 4239 999 4308 τῇ
1028 4238 1199 4310 ψυχῇ.
1232 4240 1412 4311 Ὅπερ
1448 4241 1549 4294 οὐκ
1589 4238 1656 4295 ἂν
1682 4239 1910 4304 ἔπαθεν,

336 4329 639 4399 ἐγκρατείᾳ.
689 4328 935 4393 κολάζων
975 4331 1075 4394 τὰς
1105 4332 1322 4402 ἡδονὰς,
1352 4333 1446 4386 καὶ
1500 4326 1713 4404 κέρδος,
1776 4331 1915 4385 ἀλλὰ

341 4421 619 4490 μηδεμίαν
645 4420 854 4493 βλάδην
895 4423 1221 4494 ἡγούμενος,
1266 4424 1322 4477 εἴ
1346 4443 1399 4478 τι
1446 4424 1652 4480 τούτων
1698 4424 1912 4493 ἀφέλοι.

2009 3311 2117 3365 lius
2151 3308 2548 3365 consuetudine
2595 3308 2886 3363 devinctus
2921 3308 3107 3374 homo,
3169 3308 3357 3372 sentit,
3416 3316 3591 3363 totum

2009 3402 2252 3458 animum
2276 3402 2371 3458 toti
2396 3402 2613 3472 corpori
2651 3402 2970 3472 permistum
3029 3416 3173 3465 esse,
3238 3402 3597 3472 quemadmo-

2010 3501 2138 3552 dum
2165 3511 2355 3567 parum
2389 3495 2507 3550 auri
2535 3494 2697 3551 variis
2725 3494 2857 3548 aliis
2886 3492 3283 3563 abjectioribus
3319 3494 3593 3549 metallis:
3640 3496 3649 3517 ³

2011 3599 2176 3659 atque
2202 3603 2326 3643 cnm
2381 3587 2452 3643 ob
2504 3587 2748 3642 scientiae
2804 3587 3071 3656 inopiam,
3121 3587 3293 3642 instar
3353 3587 3593 3656 imperiti

2013 3681 2295 3746 metallici,
2327 3681 2446 3736 hanc
2475 3698 2504 3736 a
2550 3696 2671 3737 sese
2704 3695 2962 3750 separare
3021 3690 3280 3751 nequeat,
3341 3681 3390 3735 ei
3450 3680 3593 3750 quod
3646 3708 3655 3713 -

2015 3775 2164 3831 videt
2195 3774 2511 3839 assentitur,
2543 3781 2598 3828 et
2627 3773 2902 3828 hominem
2938 3787 3060 3828 esse
3092 3774 3188 3836 ait,
3220 3773 3315 3842 qui
3345 3787 3406 3827 se
3429 3788 3593 3842 quam

2016 3867 2269 3938 plurimis
2302 3866 2673 3938 voluptatibus
2699 3865 3039 3936 ingurgitare
3093 3865 3265 3934 possit
3295 3879 3308 3916 :
3341 3865 3392 3917 id
3426 3878 3594 3920 unum

2017 3963 2069 4016 in
2102 3962 2250 4018 lucro
2295 3960 2586 4028 deputans,
2620 3957 2765 4026 quod
2804 3956 3122 4017 comederit,
3164 3964 3220 4010 et
3269 3955 3488 4021 biberit,
3544 3963 3601 4010 et

2015 4051 2184 4106 rebus
2214 4050 2465 4105 venereis
2501 4048 2850 4119 impenderit.
2900 4047 2967 4102 Et
3017 4048 3162 4114 quod
3195 4047 3599 4116 Sardanapalus

2016 4139 2870 4209 monumentosuoinscripsisse
2898 4137 3096 4205 fertur;
3130 4137 3184 4193 id
3244 4138 3363 4208 ipse
3411 4138 3601 4192 animo

2016 4249 2118 4288 suo
2137 4232 2219 4288 sic
2250 4231 2524 4297 inscribit,
2560 4240 2620 4286 ut
2651 4231 2818 4285 deleri
2881 4246 2988 4286 non
3027 4232 3221 4300 possit,
3273 4230 3327 4285 id
3380 4232 3524 4300 quod
3550 4229 3600 4285 ei

2017 4340 2126 4378 non
2154 4320 2450 4386 accideret,
2482 4320 2530 4374 si
2561 4319 2895 4375 continentia
2934 4321 3248 4386 voluptates
3289 4328 3595 4384 coerceret,

2017 4426 2073 4471 et
2095 4415 2303 4471 lucrum
2335 4421 2578 4484 putaret,
2608 4428 2716 4467 non
2741 4412 3021 4475 damnum,
3049 4412 3095 4465 si
3135 4411 3267 4480 quid
3306 4410 3393 4465 his
3433 4409 3600 4465 dece-

341 4510 499 4566 Οὕτω
548 4512 657 4584 γάρ
687 4513 850 4568 αὑτὸν
878 4515 1022 4570 κατὰ
1057 4515 1252 4584 μικρὸν
1293 4515 1440 4569 λύων
1487 4516 1581 4568 τοῦ
1639 4514 1909 4585 σώματος,

2019 4511 2194 4566 deret.
2233 4506 2371 4562 Nam
2417 4507 2462 4562 si
2494 4507 2574 4561 sic
2615 4505 2883 4575 paulatim
2922 4520 2951 4559 a
2987 4518 3224 4574 corpore
3266 4518 3333 4558 se
3360 4504 3607 4558 resolve—

340 4602 440 4657 καὶ
461 4603 656 4656 ἑαυτὸν
687 4603 1102 4674 συνεθιζόμενος
1134 4603 1374 4674 βλέπειν,
1400 4606 1503 4659 οὐκ
1536 4606 1605 4661 ἂν
1643 4606 1919 4678 ἠγνόησεν

341 4696 557 4757 ἑαυτὸν,
577 4696 713 4749 ἀλλὰ
741 4696 840 4766 τῆς
868 4692 1126 4767 ἀληθείας
1161 4697 1257 4751 καὶ
1286 4698 1395 4751 τῶν
1427 4699 1738 4769 ἀσωμάτων
1767 4698 1922 4767 γινό-

345 4803 507 4856 μενος
535 4788 764 4857 θεωρὸς,
795 4790 891 4843 καὶ
909 4789 1214 4854 κατανοῶν,
1243 4790 1318 4855 ὡς
1334 4790 1487 4845 οὐδὲν
1510 4791 1660 4862 αὐτῷ
1674 4789 1737 4845 τδ
1759 4789 1920 4861 σῶμα

342 4877 482 4946 πρὸς
499 4880 600 4947 τὴν
617 4879 861 4950 θεωρίαν
886 4881 1101 4951 ἐκείνην
1132 4882 1424 4947 λυσιτελεῖ,
1451 4883 1711 4955 εὕρισκεν
1736 4883 1802 4938 ἂν
1828 4886 1885 4937 ὲν
1903 4913 1919 4926 ο

341 4969 518 5022 ταῦθα
574 4972 675 5041 τὴν
709 4972 907 5026 ἑαυτοῦ
936 4972 1119 5044 ψυχὴν
1152 4966 1582 5047 ἀπηλλαγμένην
1609 4977 1706 5031 τοῦ
1734 4974 1923 5046 σῶμα·

340 5077 456 5127 τος,
477 5063 571 5114 καὶ
598 5063 720 5116 καθ’
749 5064 948 5136 ἑαυτὴν
978 5061 1119 5120 εῖναι
1149 5067 1454 5141 δυναμένην
1488 5070 1586 5123 καὶ
1619 5068 1727 5139 πρὸ
1749 5068 1917 5123 Θανά-

320 5167 458 5231 του,
490 5153 587 5206 καὶ
606 5153 851 5226 τοσούτῳ
889 5157 1095 5227 μᾶλλον
1116 5158 1323 5212 καλλίω
1370 5161 1468 5214 καὶ
1501 5160 1917 5231 ἐρρωμενεστέ-

345 5261 468 5315 ραν,
498 5244 785 5320 ὅσονῆττον
822 5253 1041 5320 μετεῖχε
1071 5251 1167 5304 τοῦ
1197 5251 1475 5323 σώματος.

918 5346 962 5397 Κ
974 5346 1171 5401 ΕΦΑΛ.
1209 5349 1249 5400 Κ
1265 5347 1342 5401 E'.

415 5434 525 5487 Καὶ
553 5434 700 5490 οὕτω
727 5439 793 5507 τῇ
825 5439 1054 5509 τοιαύτῃ
1089 5422 1450 5494 καταστάσεί
1475 5442 1914 5513 συνεθιζόμενος,

340 5526 441 5580 οὐκ
476 5527 542 5580 ἂν
589 5530 763 5599 ἧλγει,
799 5531 1167 5601 διισταμένων
1201 5530 1351 5601 αὐτῷ
1391 5531 1502 5585 τῶν
1544 5535 1750 5603 μερῶν,
1808 5535 1918 5588 οὐδ’

343 5615 410 5669 ἂν
441 5618 631 5671 ἐδεδίει
669 5621 798 5690 περὶ
857 5621 1078 5686 ἑαυτοῦ,
1141 5624 1511 5691 πεπεισμένος
1545 5628 1727 5694 μενεῖν
1768 5626 1917 5697 αὖτῷ

342 5712 443 5795 τῂν
476 5711 656 5782 ψυχὴν
684 5713 744 5779 ἑξ
766 5708 841 5769 ὧν
869 5715 1224 5785 ὲπεπείρατο.
1264 5715 1452 5778 Οὕτως
1497 5717 1593 5769 καὶ
1626 5718 1681 5769 αί
1731 5718 1918 5786 ἡδοναὶ

344 5800 443 5871 τὴν
476 5800 655 5875 ψυχὴν
690 5804 1057 5876 άναμιγνῦσαι
1109 5806 1185 5877 τῷ
1221 5805 1458 5879 σώματι,
1498 5806 1597 5881 τὴν
1628 5810 1795 5881 αὐτῆς
1831 5810 1917 5862 αἴ-

2022 4612 2128 4666 ret,
2160 4609 2215 4656 et
2248 4616 2310 4657 se
2339 4598 2541 4654 intueri
2573 4607 2934 4663 assuesceret,
2970 4612 3092 4653 sese
3120 4611 3230 4650 non
3290 4597 3594 4666 ignoraret,

2023 4698 2119 4752 sed
2153 4694 2399 4750 veritatis
2432 4693 2951 4761 etincorpureorum
2974 4689 3549 4759 ﬁeretcontemplator
3581 4705 3598 4742 :

2020 4800 2184 4860 atque
2214 4787 2562 4857 intelligeret,
2592 4785 2730 4840 nibil
2757 4786 2822 4839 al
2855 4784 3002 4838 illam
3034 4784 3137 4838 sibi
3162 4782 3591 4851 contemplatio-

1981 4871 2146 4938 .nem
2175 4894 2378 4951 corpus
2442 4879 2725 4950 prodesse,
2783 4886 2840 4933 et
2886 4876 3158 4946 reperiret
3212 4876 3286 4931 ibi
3357 4878 3603 4930 animum

2021 4989 2180 5029 suum
2207 4988 2235 5027 a
2261 4985 2491 5041 corpore
2513 4969 2829 5032 liberatum,
2868 4975 2925 5024 et
2965 4984 3062 5039 per
3107 4983 3229 5023 sese
3267 4968 3432 5023 etiam
3475 4975 3605 5022 ante

2023 5075 2251 5122 mortem
2312 5078 2474 5134 posse
2522 5061 2829 5118 consistere
2862 5072 2881 5114 :
2916 5076 3092 5132 coque
3123 5070 3178 5116 et
3232 5060 3601 5129 pu'cltriorem

2020 5170 2076 5216 et
2127 5157 2488 5214 robustiorem
2541 5170 2683 5223 esse,
2720 5154 3039 5224 quominus
3069 5156 3324 5221 corporis
3369 5167 3602 5206 consors

2021 5254 2116 5309 sit.

2144 5406 2160 5416 ,
2591 5340 2822 5400 CAPUT
2880 5340 3048 5396 XXV.

2090 5438 2275 5510 Itaque
2304 5438 2394 5493 tali
2421 5437 2585 5492 statui
2618 5436 2978 5495 assuefactus,
3037 5447 3147 5487 non
3199 5430 3431 5492 doleret,
3477 5445 3605 5485 cum

2020 5542 2201 5601 partes
2225 5532 2345 5601 ejus
2393 5529 2831 5584 divellerentur:
2869 5542 2969 5582 nec
3020 5526 3119 5581 sibi
3178 5523 3412 5586 timeret,
3475 5539 3602 5577 cum

2021 5637 2340 5692 persuasum
2378 5622 2624 5686 baberet,
2658 5621 2725 5675 iis
2777 5620 2961 5682 rebus,
3010 5632 3238 5686 quarum
3300 5615 3602 5686 periculum

2022 5715 2261 5780 fecisset,
2325 5714 2616 5777 adductus,
2699 5713 2943 5767 animum
3007 5708 3106 5764 sbi
3173 5722 3595 5777 permansurum

2021 5826 2160 5866 esse.
2193 5807 2512 5879 Voluptates
2551 5822 2681 5863 vero
2710 5806 2951 5860 animum
2987 5803 3203 5875 corpori
3238 5801 3592 5856 commiscen-
