4070 6448
553 328 688 396 1523

547 539 662 602 bat,
696 544 1010 600 necessario
1049 547 1201 603 victu
1238 551 1555 618 destitutas,
1598 568 1654 612 et
1682 559 1735 614 in
1791 563 2136 631 speluncam,

548 638 608 683 ut
632 633 891 702 refertur,
923 637 1193 696 intrusus.
1221 641 1448 700 Interim
1480 646 1644 718 lupus
1665 667 1885 724 gregem
1933 657 2137 713 Christi

546 725 895 798 diseerpeus,
955 734 1100 802 apud
1156 736 1472 794 adulatores
1523 741 1578 794 in
1636 744 2029 814 admiratione,
2081 760 2139 807 et

546 835 702 889 aeque
760 837 824 878 ac
855 823 900 877 si
952 841 1284 897 generosum
1316 833 1540 904 aliquod
1575 836 1794 894 facinus
1833 852 2134 912 patrasset,

546 913 760 983 magnis
791 917 1223 988 engitationibus
1270 924 1628 986 efferebatur.
1665 933 1806 998 Quid
1848 950 1990 1006 opus
2026 946 2133 1003 est,

543 1017 577 1054 ο
612 1005 712 1058 viri
761 1005 1080 1078 Cretenses,
1109 1014 1395 1084 prolixiori
1430 1034 1686 1078 sermone
1716 1023 1829 1080 inec
1851 1005 2130 1097 prosequi,

543 1112 666 1151 cum
709 1101 777 1155 de
821 1102 926 1158 illis
953 1105 1182 1162 historia
1218 1125 1332 1180 pra:
1377 1114 1634 1172 manibus
1687 1118 1992 1177 volentium
2039 1123 2130 1178 sit.

543 1188 915 1251 Nihilominus
992 1204 1368 1271 postmodum,
1431 1222 1614 1276 neque
1667 1212 1814 1265 enim
1871 1215 2132 1270 omnibus

541 1282 678 1340 facta
713 1301 864 1358 grata
890 1299 943 1344 et
963 1304 1188 1362 accepta
1240 1307 1420 1362 erant,
1449 1315 1575 1354 cum
1605 1313 1794 1358 essent
1819 1306 1932 1376 .qni
1980 1309 2131 1363 veri-

540 1386 706 1431 tatem
776 1385 1253 1455 amplexarentur,
1320 1393 1638 1466 quicunque
1715 1397 1903 1466 legum
1971 1411 2132 1456 erant

535 1472 775 1526 consulti
829 1477 1098 1548 episcopi,
1149 1492 1204 1536 et
1245 1485 1503 1543 moribus
1580 1487 1888 1548 laudabiles
1957 1496 2127 1552 animi

535 1572 686 1618 motu
733 1571 999 1626 concitati
1033 1573 1231 1631 Pbotio
1295 1579 1742 1652 subirascuntur,
1807 1586 2128 1658 indignatur

531 1656 698 1711 etiam
740 1659 1023 1721 Romanus
1046 1664 1326 1737 Pontifex,
1356 1682 1415 1728 ut
1449 1674 1595 1732 fama
1626 1687 1731 1745 est,
1754 1680 1838 1735 vir
1890 1681 2124 1753 insignis

533 1750 738 1817 pietate
770 1753 1052 1816 Nicolaus.
1083 1762 1154 1816 At
1198 1765 1384 1834 pretio
1417 1767 1532 1835 ille,
1573 1786 1754 1841 neque
1778 1789 1875 1843 per
1934 1750 2124 1845 portas

531 1843 815 1914 ingressus
839 1848 895 1902 in
925 1851 1109 1906 ovium
1146 1855 1383 1919 caulam,
1424 1859 1520 1915 sed
1546 1877 1646 1931 per
1671 1863 1848 1920 alium
1907 1868 2120 1922 aditum

532 1934 797 2005 introsus,
820 1941 1058 2009 primum
1082 1960 1302 2004 summo
1335 1951 1467 2007 nixu
1515 1958 1815 2013 accurabat
1867 1961 2120 2030 epistolis

530 2019 782 2087 Romano
847 2036 1104 2094 Pontiliei
1167 2045 1405 2100 suadere
1454 2063 1579 2106 sese
1634 2051 1817 2122 Regum
1889 2053 2127 2112 decreta-

527 2134 782 2181 secutum
856 2128 1048 2199 Ignatii
1113 2136 1498 2207 episcopatum
1557 2146 1858 2215 praecripto
1936 2148 2117 2218 legum

525 2216 691 2285 ejecti
756 2222 1088 2291 possedisse,
1119 2244 1246 2282 eum
1293 2242 1484 2300 postea
1551 2221 1724 2291 multa
1787 2216 2116 2298 intentasset

522 2310 886 2384 dixissetque,
931 2322 1134 2387 quibus
1167 2323 1275 2378 sibi
1315 2325 1605 2384 videbatur
1637 2330 1966 2389 Pontiﬁeem
1995 2352 2116 2391 mo-

521 2404 762 2476 rigerum
800 2411 1114 2470 reddidisse
1147 2415 1294 2486 (nam
1315 2436 1436 2490 qua:
1458 2421 1601 2478 inter
1628 2424 1747 2480 base
1777 2436 1931 2498 gesta
1951 2440 2106 2494 sunt,

519 2507 577 2554 et
606 2516 727 2570 qum
767 2502 884 2572 ipse
916 2518 1265 2565 commentus
1309 2521 1398 2567 est
1428 2517 1635 2588 omnia,
1690 2517 2020 2589 iniuriarum
2058 2532 2114 2581 et

518 2595 924 2651 calumniarum
964 2600 1147 2668 plena,
1206 2603 1274 2657 ad
1333 2621 1474 2675 quas
1530 2611 1954 2671 conciunandas
2005 2614 2122 2673 sibi

517 2689 722 2754 socios,
760 2695 851 2759 qui
881 2694 1143 2750 similium
1185 2698 1266 2753 uti
1320 2701 1410 2758 ille
1435 2701 1715 2760 desidctio
1779 2709 2108 2767 exardesce-

517 2781 622 2835 bat:
636 2793 673 2846 ι,
705 2785 1293 2854 adjunxerat,sileutio
1320 2797 1613 2866 praetereo)
1643 2818 1655 2853 :
1682 2815 1829 2859 cum.
1858 2802 2106 2872 inquam,

516 2876 688 2931 multa
750 2881 1036 2946 movisset,
1103 2886 1461 2959 improbaqne
1547 2889 1732 2962 lingua
1786 2900 1842 2948 et
1899 2895 2109 2951 calamo

516 2970 794 3027 hominem
834 2984 1086 3030 vexasset
1113 2991 1178 3032 ac
1211 2977 1629 3048 dedecorasset,
1675 3002 1781 3042 nec
1834 2991 2108 3058 potuisset

513 3061 662 3118 illius
693 3066 1026 3120 sententiam
1083 3085 1148 3123 ex
1193 3072 1404 3127 meliori
1451 3076 1886 3149 sapientiorique
1947 3097 2104 3136 nien—

1729 352 2023 416 MAKIJH
2066 358 2652 430 CliliYo'OBEllGrE

549 444 597 498 la
633 446 952 516 pastoribus
978 449 1230 508 barbaris
1257 455 1496 514 traditus
1547 461 1750 520 misere
1803 467 1971 521 vitam
2015 486 2144 542 age-
2172 477 2220 534 Α

3661 381 3828 454 1224

2251 495 2299 532 τι
2327 480 2632 553 δεδρακὼς.
2659 486 2803 544 οὕτω
2833 491 2978 558 μέγα
3008 490 3248 560 ἐφρόνει.
3288 493 3352 545 Τί
3399 495 3524 565 χρὴ.
3558 489 3604 552 ὦ
3637 498 3829 569 ἄνδρες

2249 571 2494 642 Κρῆτες,
2531 576 2750 642 πολλοῖς
2783 582 2914 649 περὶ
2961 582 3170 636 τούτων
3219 583 3499 652 διεξιέναι,
3549 587 3667 652 ὲξδν
3712 592 3827 652 τοῖς
3899 587 3910 600 ⁸

2245 663 2602 735 βουλομένοις
2630 672 2697 740 τῇ
2720 673 2851 741 περὶ
2868 671 3080 728 τούτων
3115 675 3330 747 ἱστορίᾳ
3371 678 3709 751 σαφέστερον
3737 682 3824 734 ἐν·

2240 760 2427 826 τυχεῖν
2447 776 2463 824 ;
2499 759 2692 830 Ὅμως
2722 763 2876 831 γοῦν,
2897 764 3150 837 οὐδὲγὰρ
3173 770 3343 824 πᾶσιν
3362 769 3564 841 ἤρεσκε
3582 772 3651 824 τά
3675 774 3822 840 γινό-

2241 867 2405 920 μενα,
2435 851 2554 905 ἀλλ’
2588 849 2730 925 ἦσαν
2756 855 2807 908 οἳ
2831 858 2934 927 τῆς
2957 859 3219 930 ἀληθείας
3248 862 3652 928 ἀντεποιοῦντο,
3685 866 3822 932 ἀγα-

2240 944 2503 999 νακτοῦσι
2533 947 2634 1015 μὲν
2662 948 2741 1017 τῷ
2791 950 3005 1022 Φωτίῳ,
3049 953 3166 1005 ὅσοι
3200 953 3308 1007 τῶν
3357 955 3674 1010 ἐπισκόπων
3712 958 3816 1012 τῶν

2202 1089 2206 1091 .
2239 1034 2421 1104 νόμων
2455 1037 2772 1108 εἰδήμονες,
2807 1042 2905 1096 καὶ
2938 1043 3030 1098 τόν
3063 1043 3264 1113 τρόπον
3304 1045 3583 1099 ὲπαινετοί
3611 1061 3626 1076 ο
3673 1047 3814 1115 ἀγα-

2236 1133 2428 1184 νακτεῖ
2455 1130 2514 1185 δὲ
2549 1134 2578 1186 ό
2600 1136 2701 1203 τῆς
2748 1133 2970 1206 Ῥώμης
3005 1137 3300 1208 Πρόεδρος,
3331 1136 3407 1201 ὦς
3447 1156 3631 1207 φασιν,
3657 1138 3816 1193 εὐλα-

2234 1224 2338 1296 ϐὴς
2363 1225 2524 1296 ἀνὴρ,
2568 1227 2840 1292 Νικόλαος
2865 1228 3107 1297 τοῦνομα
3127 1247 3141 1263 υ
3176 1232 3204 1282 ὁ
3233 1231 3289 1284 δὲ
3314 1231 3554 1301 κλέπτης
3581 1234 3810 1299 ἐκεῖνος,

2233 1318 2331 1374 καὶ
2359 1313 2569 1390 ἥκιστα
2597 1320 2687 1374 διὰ
2722 1321 2822 1392 τῆς
2867 1321 3042 1394 θύρας
3098 1325 3357 1379 εἰσελθὼν
3396 1327 3474 1387 εἰς
3509 1326 3606 1396 τὴν
3641 1328 3813 1397 αὐλὴν

2231 1418 2342 1472 τῶν
2372 1419 2689 1490 προϐάτων,
2719 1421 2838 1474 ἀλλ’
2872 1421 3196 1492 ἀλλαχόθεν,
3220 1423 3282 1475 τδ
3305 1423 3520 1493 πρῶτον
3546 1425 3642 1493 μὲν
3664 1426 3815 1476 ἒπει-

2233 1510 2370 1580 piro
2406 1509 2620 1564 πείθειν
2650 1511 2742 1564 τὸν
2777 1512 3045 1582 ἀρχιερέα
3079 1513 3180 1583 τῆς
3229 1513 3446 1584 Ῥώμης
3475 1514 3810 1577 ἐπιστολαῖς,

2229 1599 2306 1663 ὡς
2332 1601 2579 1670 νομίμως
2613 1601 2918 1671 ἀνθάψαιτο
2948 1605 3045 1674 τῆς
3075 1606 3400 1676 ἐπισκοπῆς,
3426 1606 3518 1658 τοῦ
3547 1607 3806 1672 Ἰγνατίου

2229 1693 2374 1746 κατά
2399 1695 2601 1760 νόμους
2623 1693 3052 1766 ὲξεληλαμένου.
3093 1697 3180 1760 Ὠς
3206 1698 3264 1750 δὲ
3287 1698 3457 1752 πολλά
3484 1699 3685 1768 δράσας
3716 1700 3810 1753 καὶ

2230 1782 2405 1835 εἰπὼν
2431 1778 2514 1846 οἷς
2543 1785 2721 1838 ἐδόκει
2749 1785 2841 1838 τὸν
2874 1786 3048 1856 ἄνδρα
3088 1787 3496 1858 ἀποδοκιμάσαι
3516 1803 3531 1818 ⁶
3567 1789 3805 1859 παρίημι

2228 1877 2341 1944 γὰρ
2369 1875 2440 1930 τὰ
2467 1877 2523 1929 ἐν
2557 1877 2710 1947 μέσῳ
2742 1879 3032 1948 συμὸἀντα
3057 1879 3148 1932 διά
3169 1880 3229 1933 τὸ
3261 1881 3484 1952 πλῆθος,
3510 1883 3607 1936 ὅσα
3634 1883 3684 1934 οί
3714 1898 3807 1950 με-

2228 1968 2542 2040 μηχάνηται
2573 1968 2758 2024 πάντα
2795 1970 2972 2039 μεστά
3024 1970 3238 2040 ὕϐρεως
3267 1973 3359 2026 xui.
3413 1973 3799 2040 συκοφαντίας,

2226 2059 2364 2130 πρὸς
2392 2062 2459 2132 ἢν
2511 2059 2627 2136 εἶχε
2677 2065 2979 2129 κοινωνοὺς
3028 2067 3262 2130 πάντας,
3315 2069 3430 2120 ὅσοι
3477 2067 3585 2120 τῶν
3623 2067 3800 2120 αὐτῶν

2222 2152 2418 2224 ἐκείνῳ
2448 2170 2511 2221 γε
2539 2152 2682 2226 ἦσαν
2715 2157 3058 2228 ἐπιθυμηταί
3087 2175 3100 2189 ’
3133 2157 3208 2222 ὡς
3237 2155 3332 2213 οὖν
3361 2161 3539 2212 πάντα
3573 2161 3790 2228 κινήσας

2221 2245 2414 2310 κακῶς
2439 2247 2546 2316 μὲν
2580 2233 2762 2302 είπεῖν
2798 2250 2890 2304 τὸν
2919 2251 3087 2322 ἄνδρα
3109 2251 3236 2322 ἔσχε
3269 2253 3362 2306 καὶ
3387 2251 3670 2321 ἀτιμάσαι,
3693 2252 3775 2319 τὴν

2219 2338 2351 2408 περὶ
2383 2339 2598 2392 ἐκείνου
2630 2339 2689 2393 δὲ
2721 2339 2880 2406 δόξαν
2907 2341 3016 2394 τῶν
3042 2341 3332 2412 βελτιόνων
3361 2344 3452 2396 καὶ
3475 2343 3780 2413 σοφωτέρων

2216 2427 2422 2498 ἥκιστα
2454 2429 2809 2499 μεταϐαλεῖν,
2839 2430 2994 2504 ᾠήθη
3025 2433 3138 2486 δεῖν
3169 2434 3487 2504 ἀντιστῆναι
3514 2434 3591 2504 τῷ
3633 2435 3787 2504 Πάπᾳ.

2215 2518 2276 2572 οὐ
2309 2519 2454 2590 ζήλῳ
2477 2523 2800 2593 κινούμενος
2820 2526 2919 2596 τῆς
2951 2529 3082 2595 περὶ
3103 2528 3161 2578 τὸ
3186 2525 3410 2596 Πνεῦμα
3429 2528 3787 2596 καινοτομίας,

2214 2610 2288 2674 ὦς
2323 2629 2491 2681 φασιν
2531 2616 2579 2668 οί
2622 2617 2803 2671 πάντα
2861 2617 3071 2690 ἕτοιμοι
3131 2619 3314 2688 λέγειν
3338 2620 3648 2688 ”’Ῑ“ίνάτίοί
3684 2622 3788 2688 Ἶ’“Ψ

2214 2705 2356 2777 ἀνὴρ
2398 2707 2570 2762 πολλὰ
2615 2712 2822 2780 σημεῖα
2867 2712 2967 2780 τῆς
3000 2712 3168 2766 αὐτοῦ
3200 2714 3482 2784 ὁσιότητος
3515 2714 3785 2782 παρασχὸ-

2215 2816 2398 2869 μενος.
2435 2801 2532 2854 καὶ
2575 2803 2740 2874 σοφίᾳ
2777 2808 3129 2877 πνευματικῇ
3169 2810 3609 2877 κεκοσμημένος,
3633 2806 3787 2866 εἰδὼς

2212 2893 2313 2963 τὴν
2345 2893 2678 2965 Ἐκκλησίαν
2707 2897 2804 2966 τῆς
2849 2896 3071 2968 Ῥώμης
3104 2901 3168 2954 ὲκ
3201 2899 3292 2953 τοῦ
3339 2899 3540 2970 Πατρός
3569 2900 3662 2952 καὶ
3691 2899 3782 2949 τοῦ

2212 2984 2368 3052 Υιοῦ,
2402 2988 2436 3061 ἢ
2463 2988 2554 3040 διὰ
2579 2988 2675 3042 τοῦ
2724 2990 2855 3044 Υἰοῢ
2887 2991 3273 3061 θεολογοῦσαν,
3306 2995 3407 3046 οὐκ
3439 2995 3781 3063 ἐταράττετο,

2187 3063 2320 3138 ,οὐδ’
2351 3081 2634 3153 ἀλλότριον
2668 3082 2770 3154 τῆς
2812 3085 3051 3148 πίστεως
3088 3087 3146 3140 τὸ
3194 3087 3372 3158 δόγμα
3399 3089 3580 3156 ἡγεῖτο
3611 3087 3780 3140 τουτί.

507 3157 584 3211 .tis
613 3157 869 3214 ﬁrmitate
905 3162 1215 3230 dimovere,
1255 3171 1546 3238 proposuit
1579 3171 1685 3226 sibi
1738 3172 1896 3242 Papae
1928 3176 2105 3231 obsis-

2209 3171 2382 3237 Αὐτός
2410 3191 2471 3228 τε
2507 3175 2672 3230 πάλιν
2705 3178 2732 3229 ὀ
2761 3175 2990 3246 Φὼτιος,
3022 3178 3110 3232 ὅτε
3146 3157 3314 3233 ἐδεῖτο
3347 3179 3438 3234 τοῦ
3465 3181 3624 3234 [Idm
3655 3195 3782 3247 συγ-

511 3261 680 3315 stere,
711 3268 819 3307 non
851 3256 968 3309 zelo
1007 3258 1269 3315 novitatis
1300 3262 1445 3318 circa
1482 3261 1748 3334 Spiritum
1772 3267 2105 3324 introducta:

511 3354 715 3408 motus,
753 3348 902 3402 utad
941 3351 1129 3406 omnia
1163 3353 1470 3412 eﬂ'utienda
1509 3360 1752 3430 prompti
1791 3361 1894 3416 sibi
1934 3373 2100 3416 autu—

510 3449 662 3490 mant
699 3459 710 3491 :
737 3454 974 3502 namque
1005 3441 1244 3510 lgnatius
1265 3447 1448 3503 multis
1483 3449 1708 3519 pietatis
1743 3454 1912 3522 signis
1938 3456 2100 3509 exhi-

508 3527 658 3592 bitis,
719 3541 774 3586 et
847 3535 1112 3603 sapientia
1180 3540 1414 3607 Spiritali
1469 3543 1894 3608 eondecoratus,
1970 3547 2098 3602 licet

505 3625 678 3678 sciret
715 3623 1020 3682 Romanam
1073 3632 1400 3691 ecclesiam.
1424 3650 1490 3689 ex
1526 3636 1686 3692 Patre
1712 3649 1768 3694 et
1801 3639 1961 3703 Filio,
2013 3640 2095 3695 vel

505 3731 606 3784 per
679 3715 878 3774 Filimn
933 3721 1252 3790 decernere,
1321 3742 1434 3782 non
1505 3730 1856 3796 turbabatur,
1915 3748 2094 3804 neque

501 3812 686 3874 simile
735 3812 934 3884 dogma
984 3831 1013 3870 a
1069 3817 1174 3873 fide
1216 3820 1459 3874 alienum
1524 3834 1652 3876 esse
1717 3824 2087 3880 exiscimabat.

502 3908 732 3978 ipseque
783 3926 970 3966 rursus
1037 3913 1288 3980 Photius,
1337 3931 1554 3986 magna!
1587 3919 1692 3973 sibi
1732 3920 1887 3976 urbis
1931 3923 2089 3978 thro-

498 4014 628 4053 num
651 4002 876 4056 concedi
904 4018 933 4056 a
971 4000 1234 4060 Pontiliee
1256 4006 1596 4076 supplicans,
1640 4010 1711 4065 de
1754 4011 1908 4068 hisce
1951 4015 2087 4085 dog-

496 4091 737 4146 matibus
794 4096 1162 4162 quastionem
1225 4112 1448 4154 movere
1494 4104 1742 4157 animum
1799 4120 2083 4176 nunquam

495 4181 706 4238 induxit
742 4202 755 4234 :
789 4187 884 4240 sed
923 4203 1044 4242 eum
1072 4204 1181 4244 non
1208 4201 1397 4260 posset
1414 4193 1519 4247 sibi
1542 4195 1846 4266 morigeros
1881 4200 2082 4257 redde-

494 4291 555 4330 re
589 4276 766 4343 ipsum
807 4279 1201 4348 impedientes,
1260 4299 1331 4339 ne
1364 4285 1414 4339 in
1449 4285 1702 4356 improbe
1752 4293 1925 4362 gestis
1957 4307 2081 4362 per-

492 4366 695 4422 sistere
756 4370 1063 4438 videretur,
1109 4390 1412 4444 aggressus
1452 4389 1537 4434 est
1590 4381 1760 4452 impie
1821 4383 2079 4441 Ecclesia:

491 4457 617 4510 tidei
650 4459 860 4514 crimen
917 4462 1240 4533 appingerc,
1299 4467 1616 4526 dominatus
1666 4475 1998 4542 ambitione,
2043 4493 2074 4533 o

489 4549 614 4614 \‘iri,
651 4565 762 4605 non
806 4553 922 4610 zelo
943 4555 1166 4624 pietatis
1194 4575 1319 4632 erga
1349 4561 1548 4619 Deum.
1575 4565 1703 4623 Hagc
1733 4585 1861 4625 vero
1889 4571 1963 4626 ita
2014 4589 2074 4628 se

488 4643 710 4706 habere,
745 4646 794 4700 si
849 4648 1153 4719 striptores
1195 4656 1552 4714 historiarum
1609 4677 1938 4732 percurrere
1977 4683 2075 4721 \f0-

489 4737 729 4802 lueritis,
767 4740 931 4808 plane
989 4744 1349 4814 dignoscetis.
1403 4750 1546 4810 Hinc
1595 4755 1782 4826 itaque
1835 4755 2070 4816 Photius

485 4841 810 4894 perversum
849 4833 952 4888 hoc
977 4836 1265 4896 dissidium
1295 4846 1562 4916 concipit,
1594 4857 1651 4904 et
1683 4849 2062 4920 iniquitatem,

482 4918 537 4970 in
577 4921 858 4980 excelsum
883 4928 1196 4996 obiocutus,
1229 4943 1560 5009 progenerat
1587 4948 1650 4996 et
1669 4918 1879 5010 scripto
1903 4958 2062 4998 man-

2207 3269 2459 3341 χωρῆσαί
2482 3271 2531 3322 οἱ
2553 3270 2644 3323 τὸν
2667 3271 2856 3340 θρόνον
2871 3271 2969 3344 τῆς
2989 3273 3423 3342 μεγαλοπόλεως,
3451 3273 3598 3328 οὐδὲν
3627 3273 3776 3342 ἠξίου

2205 3365 2339 3433 περὶ
2374 3361 2484 3414 τῶν
2519 3361 2813 3431 δογμάτων
2836 3363 3195 3436 διαφέρεσθαι
3220 3367 3444 3420 τούτων·
3478 3368 3598 3452 ἐπεὶ
3626 3367 3682 3420 δὲ
3707 3367 3773 3426 ,οὐ

2203 3451 2420 3504 πείθειν
2445 3445 2558 3522 εἶχε
2603 3453 2728 3515 τοὺς
2755 3453 3071 3519 κωλύοντας
3097 3457 3260 3510 αὑτὸν
3281 3459 3391 3522 τοῖς
3419 3449 3600 3522 κακῶς
3635 3459 3776 3530 £91:-

2203 3544 2388 3612 μένοις
2414 3545 2698 3613 ἐμμένειν,
2732 3548 3096 3618 ἐπεχείρησεν
3127 3551 3338 3614 ἀσεϐῶς
3369 3552 3546 3604 αἰτίαν
3570 3551 3771 3628 προσά-

2198 3638 2298 3707 ψαι
2326 3641 2392 3708 τῇ
2428 3625 2744 3707 πίστειιτῆς
2791 3639 3148 3713 Ἐκκλησίας,
3185 3644 3354 3698 ἕνεκα
3391 3637 3769 3724 φιλαρχίας,ιῶ

2198 3732 2416 3801 ἄνδρες,
2445 3732 2560 3786 ἀλλ’
2588 3733 2650 3786 οὐ
2681 3733 2845 3804 ζήλου
2872 3737 2971 3805 τῆς
2995 3737 3132 3805 πρὸς
3158 3738 3290 3793 Θεὸν
3313 3735 3768 3804 εὐσεϐείαςθοτι

2194 3826 2250 3879 δὲ
2281 3826 2438 3880 ταῦθ’
2468 3825 2642 3889 οὕτως
2671 3828 2806 3898 ἔχει,
2840 3831 3172 3896 ἀναγνόντες
3201 3831 3329 3895 τοὺς
3363 3834 3768 3904 χρονογράφους

2192 3919 2433 3975 εἴσεσθε.
2458 3919 2744 3975 Ἐντεῦθεν
2774 3923 2957 3976 τοίνυν
2997 3923 3368 3996 συλλαμὸἀνει
3417 3923 3618 3990 Φώτιος
3666 3925 3768 4006 τὴν

2194 4015 2445 4084 πονηρὰν
2476 4014 2684 4087 ταύτην
2731 4015 3026 4086 διαίρεσιν,
3087 4019 3178 4071 καλ
3209 4018 3382 4073 τίκτει
3416 4018 3664 4090 ἀνομίαν,
3698 4017 3767 4094 ἠν

2192 4107 2274 4168 είς
2308 4108 2370 4178 το
2394 4105 2526 4175 ὕψος
2559 4109 2844 4179 ἐλάλησεν,
2876 4112 2970 4162 καὶ
2995 4111 3053 4163 τὺ
3086 4111 3310 4183 Πνεῦμα
3342 4112 3688 4182 λογογραφεῖ,
3721 4112 3767 4166 ὦ

2187 4200 2284 4269 τῆς
2315 4179 2520 4270 τόλμης
2543 4201 2556 4254 l
2579 4203 2642 4255 ἐκ
2671 4200 2764 4254 τοῦ
2793 4202 3002 4274 Πατρος
3027 4205 3431 4275 ἐκπορεύεσθαι
3455 4207 3640 4277 μόνου,
3662 4207 3765 4259 οὐκ

2186 4293 2458 4357 αἰδεσθεὶς
2494 4293 2800 4362 Βασίλειον,
2851 4297 2953 4350 οὐκ
2999 4299 3294 4370 ἐντραπείς
3341 4300 3761 4382 Γρηγορίουηού

2184 4387 2369 4448 δείσας
2405 4387 2453 4438 εί
2494 4389 2742 4459 ἀντερεῖν
2778 4389 2974 4458 ἔμελλε
2999 4390 3074 4462 τῷ
3129 4391 3406 4464 Κυρίλλῳ,
3437 4393 3758 4448 Ἀθανασίου

2110 4522 2154 4577 D
2183 4478 2240 4532 δὲ
2269 4479 2362 4532 τοῦ
2396 4479 2642 4550 μεγάλου
2675 4482 2876 4554 μικρὸς
2905 4482 3053 4556 αὐτῷ
3073 4484 3243 4554 ,λόγος
3272 4479 3450 4562 ἐπῄει.
3486 4488 3594 4542 Καὶ
3624 4487 3758 4550 ὅλως

2187 4569 2366 4624 πάντα
2399 4570 2449 4623 οἱ
2499 4570 2693 4623 δεινῶν
2741 4573 3072 4643 ἀνατρέπειν
3125 4576 3324 4652 ἐδόκει,
3356 4577 3499 4650 ὑπὲρ
3529 4577 3630 4654 τοᾷ
3663 4579 3754 4632 τὸν

2176 4663 2452 4719 Νικόλαον
2489 4666 2774 4735 αἱρετικὸν
2834 4667 3122 4736 ἀποδεῖξαι
3151 4669 3324 4736 δόξαι,
3378 4673 3756 4743 συλλογισμοῖς

2171 4756 2231 4812 δέ
2268 4775 2380 4810 τισι
2413 4759 2668 4828 γραυσὶν,
2703 4760 2736 4832 ἢ
2769 4777 2914 4815 τισιν
2944 4765 3196 4835 ἀπείροις
3241 4765 3417 4836 λόγων
3447 4768 3754 4838 ἀνθρώποις

2171 4851 2572 4920 προσήκουσιν,
2632 4851 2882 4924 ἀνοήτως
2931 4856 3196 4932 ἐπειρᾶτο
3247 4857 3340 4913 τόν
3373 4849 3602 4932 ⁴όιρῥοιγῆ
3652 4861 3753 4930 τῆς

2169 4941 2504 5014 Ἑκκλησίας
2527 4941 2778 5000 καθελεῖν
2809 4945 3047 5017 πύργον.

477 5012 594 5072 dal.
655 5012 946 5086 Spiritum,
979 5027 1368 5086 oaudaciamt
1433 5048 1502 5087 ex
1559 5034 1678 5090 solo
1738 5037 1906 5092 Patre
1974 5037 2298 5107 procedere,
2331 5051 2446 5092 non
2497 5040 2770 5096 reveritus
2823 5037 3105 5107 Basilium,
3136 5043 3270 5099 nihil
3294 5059 3494 5100 curans
3541 5043 3745 5118 Grego-

476 5108 642 5174 rium,
718 5115 870 5171 nullo
941 5130 1087 5175 metu
1158 5127 1429 5196 concitus,
1492 5132 1538 5186 si
1592 5133 2043 5189 contradicturns
2105 5144 2255 5191 esset
2310 5135 2532 5206 Cyrillo,
2585 5137 2946 5195 Athanasium
3006 5157 3137 5198 vero
3173 5143 3419 5214 Magnum
3450 5161 3546 5215 pro
3573 5147 3746 5202 nihilo

471 5205 702 5273 ducens,
733 5222 806 5275 et,
865 5224 922 5268 nt
981 5222 1289 5292 expediam,
1347 5226 1588 5294 pessima
1633 5243 1868 5301 quaeque
1909 5248 2112 5302 susque
2142 5233 2322 5304 deque
2354 5242 2569 5288 vertere
2602 5233 2857 5301 studens,
2917 5236 3080 5293 modo
3120 5237 3400 5293 Mcolaum
3429 5241 3741 5296 haereticuni

469 5299 898 5373 demonstraret,
955 5319 1009 5365 et
1063 5319 1404 5385 argumentis
1480 5299 1791 5384 nonnullis,
1870 5328 2074 5382 vetulis
2128 5337 2225 5383 aut
2273 5341 2591 5382 sermonum
2661 5325 2965 5397 inexpertis
3038 5329 3353 5387 hominibus
3402 5332 3740 5401 decentibus,

469 5391 877 5457 inconsiderate
902 5406 1188 5462 contendit
1219 5409 1606 5468 inconcussam
1645 5416 1906 5474 Ecclesia!
1934 5422 2130 5476 turrim
2161 5423 2450 5493 disjicere.
3559 5495 3564 5498 .
3667 5485 3686 5500 ο

540 5494 628 5551 ιν.
662 5499 726 5552 Et
759 5503 968 5570 primus
1004 5506 1094 5560 ille
1125 5511 1804 5573 omniumaudacissimus
1842 5520 2048 5576 distor-

2237 5530 2312 5580 A'.
2337 5529 2447 5583 Καὶ
2469 5531 2687 5602 πρῶτος
2722 5529 2933 5593 ἒκεῖνος
2961 5531 2990 5583 ό
3017 5529 3333 5602 πάντολμος
3359 5533 3620 5606 ἐξήνεγκε
3633 5531 3741 5602 τὴν

465 5595 572 5642 tam
602 5607 788 5646 vocent
815 5595 964 5650 illam
1007 5600 1192 5654 emisit
1225 5620 1239 5656 :
1277 5601 1338 5658 Si
1365 5608 1598 5676 perlecte
1620 5626 1684 5664 ea:
1719 5611 1890 5668 Patre
1920 5631 2048 5685 pro.-

458 5684 593 5737 cedit
619 5684 880 5754 Spiritus,
902 5709 1021 5758 quin
1045 5699 1336 5753 necessitas
1367 5715 1444 5756 est
1476 5722 1734 5773 asserere,
1767 5727 1888 5766 eum
1914 5729 2048 5778 quo—

458 5788 558 5841 que
585 5780 869 5847 procedere
898 5797 963 5836 ex
996 5782 1159 5853 Filio,
1213 5795 1368 5858 quasi
1411 5814 1725 5869 progressus
1757 5819 1822 5858 ea:
1857 5787 2046 5860 ’Patre

2162 5621 2362 5674 σκαιὰν
2389 5624 2576 5694 φωνὴν
2612 5625 2850 5694 ίκείνην,
2883 5621 2958 5686 ὡς
2992 5625 3061 5679 Et
3089 5625 3331 5691 τελείως
3356 5625 3424 5680 ἐκ
3470 5623 3576 5679 τοῦ
3615 5627 3735 5680 Hac

2157 5715 2714 5786 τρὸςέκπορεύριτο
2759 5719 2824 5772 τὸ
2880 5717 3142 5787 Πνεῦμα,
3177 5719 3235 5770 τί
3278 5720 3396 5787 χρὴ
3443 5719 3587 5772 αὐτὸ
3634 5719 3735 5772 καὶ

2151 5810 2219 5864 ἐκ
2261 5810 2366 5864 τοῦ
2409 5813 2544 5866 Tim“)
2589 5813 2874 5880 φάσκειν,
2905 5813 2988 5878 ὡς
3020 5816 3131 5867 οὐκ
3173 5813 3488 5882 ἀρκοῦσαν
3517 5813 3629 5882 τὴν
3661 5814 3730 5876 ἐξ
