4070 6520
445 456 579 524 12ἓῖ

1456 471 1555 531 DE
1609 470 2135 533 PROCESSIONE
2180 475 2241 535 s.
2284 446 2666 541 sunmus.

3567 481 3709 546 1226

432 585 673 641 ἐκείνου
704 590 1003 657 πρόοδον;
1030 590 1096 644 Ὠ
1136 590 1235 661 τῆς
1266 588 1574 662 ἀμαθείαςί
1608 591 1690 646 ὅτι
1725 591 1900 661 τούτῳ
1944 591 2014 660 τῷ

2124 595 2258 650 satis
2281 612 2385 649 non
2415 598 2505 653 sit.
2525 596 2569 655 Ο
2591 597 2897 655 inscitiam!
2919 614 3043 655 cum
3069 596 3428 657 ﬂaccido'isto
3444 616 3507 657 ac
3538 603 3707 659 debili

437 679 621 750 σαθρῷ
644 681 740 734 καὶ
766 681 975 737 εὐτελεῖ
1003 682 1148 753 λόγῳ
1177 682 1276 753 τὴν
1312 683 1636 754 θαυμαστὴν
1683 683 1890 756 ταύτην
1937 685 2016 740 οξ-

432 773 669 843 κοδομὴν
689 774 786 845 τῆς
800 774 1089 851 ,θεολογίας
1110 775 1441 846 ἀνατρέπειν
1468 775 1715 844 νομίζεις
1735 814 1750 830 .
1776 775 2018 846 Τοιούτῳ

434 866 654 928 πάντως
688 869 1104 940 ἐπιχειρήματι,
1140 870 1334 938 Φὼτιε,
1362 870 1457 923 καὶ
1474 871 1523 922 οἱ
1549 869 1656 940 πρὸ
1691 868 1786 921 σοῦ
1820 870 1886 940 τῇ
1923 867 2016 922 τοῦ

441 957 568 1011 Υίοῦ
603 959 697 1012 τοῦ
750 960 888 1014 Θεοῦ
930 962 1385 1034 πεπολεμηκότες
1428 961 1678 1034 ιθεότητι,
1729 962 2017 1031 φαίνονται

434 1053 768 1122 χρήσασθαι,
805 1054 867 1107 El
917 1040 1061 1121 Θεὸς
1084 1044 1342 1122 τέλεὼς,
1378 1055 1702 1122 φάσκοντες,
1726 1056 1760 1109 ὁ
1789 1053 2013 1123 Πατὴρ,

433 1146 492 1197 τί
530 1146 650 1213 χρὴ
698 1146 797 1198 καί
840 1147 949 1200 τὸν
993 1148 1134 1201 Υίὸν
1188 1148 1429 1202 τέλειον
1463 1148 1613 1201 Θεὸν
1655 1146 2016 1210 πιστεύειν;

446 1238 741 1292 Ἐλάνθανε
785 1241 897 1310 γὰρ
941 1241 1167 1304 αὐτοὺς,
1206 1240 1282 1303 ὡς
1316 1239 1682 1309 ἀληθέστατα
1718 1239 1869 1309 παρά
1915 1240 2016 1309 τῆς

447 1332 777 1402 Ἑκκλησίας
806 1332 1113 1398 sagacem,
1139 1335 1233 1386 xui.
1262 1333 1426 1403 μόνον
1471 1330 1733 1402 ἀληθινὸν
1762 1331 1898 1385 Θεὸν
1923 1330 2016 1384 τὸν

435 1427 651 1497 Πατέρα
678 1430 774 1480 καὶ
802 1427 1014 1481 τέλειον
1041 1423 1181 1481 εἶναι
1202 1443 1217 1458 ·
1248 1427 1410 1481 τοῦτο
1438 1426 1650 1495 δ’ὄμως
1683 1426 1784 1478 οὐκ
1817 1424 2018 1478 ἐκϐάλ-

430 1518 544 1571 λειν
571 1518 664 1572 τὸν
711 1520 839 1572 rm
890 1522 991 1588 τῆς
1032 1521 1319 1592 Πατρικῆς
1369 1521 1586 1588 ἐκείνης
1626 1518 2012 1588 κληρονομίας,

432 1612 555 1665 καθ’
585 1613 652 1684 ἣν
686 1614 865 1667 πάντα
898 1612 1013 1683 ἔχει
1048 1614 1117 1666 τά
1148 1614 1244 1667 τοῦ
1278 1612 1492 1682 Πατρδς
1524 1611 1599 1673 ὡς
1630 1613 1857 1673 ἐκεῖνος.
1897 1608 2014 1663 Μό-

430 1722 521 1756 νου
551 1706 662 1775 ἄρα
696 1704 905 1758 τελείου
956 1705 1092 1759 Θεοῦ
1148 1705 1304 1770 ὄντος
1356 1722 1417 1758 τε
1458 1704 1555 1758 καὶ
1608 1701 2014 1772 πιστευομένου

430 1798 522 1849 τοῦ
555 1797 788 1865 Πατρός,
814 1799 909 1849 καὶ
936 1798 963 1849 ό
998 1796 1128 1860 Υίδς
1158 1798 1290 1860 Θεὸς
1318 1796 1527 1859 τέλειος
1558 1797 1680 1851 ὲστί
1714 1812 1776 1848 τε
1804 1794 1900 1849 καί¹
1930 1793 2018 1847 λέ-

430 1905 607 1954 γεται.
627 1888 700 1940 Τὸ
732 1887 848 1941 ἴσον
876 1888 932 1941 δὲ
970 1890 1192 1956 φρονεῖν
1224 1888 1403 1955 ἔξεστι
1433 1888 1529 1942 καὶ
1555 1888 1684 1958 περὶ
1712 1887 1808 1940 τοῦ
1837 1886 2011 1941 Πνεύ-

435 1980 605 2049 ματος
638 1979 734 2033 τοῦ
766 1979 946 2048 ἁγίου.
990 1979 1055 2033 'H
1101 1981 1239 2048 αὑτὴ
1272 1981 1382 2052 γὰρ
1411 1979 1490 2050 τῷ
1533 1978 1759 2051 ἀριθμῷ
1791 1978 1887 2032 καὶ
1915 1978 2012 2049 μία

431 2073 623 2143 θεότης
651 2074 766 2135 τοῖς
803 2074 952 2142 τρισὶ
997 2073 1177 2143 κοινὴ,
1204 2070 1329 2125 καθ’
1371 2074 1436 2142 ἢν
1477 2072 1711 2125 ἕκαστον
1738 2070 1849 2124 τῶν
1879 2087 2015 2141 προι-

432 2166 630 2219 σῶπων
663 2166 756 2218 xa't
807 2163 968 2234 μόνος
1016 2164 1151 2226 Θεὸς
1204 2165 1301 2217 καὶ
1339 2164 1548 2226 τέλειος
1596 2161 2011 2232 δογματίζεται,

403 2258 531 2312 ὀὐκ
556 2255 794 2322 ὲξωθοῢν
819 2257 920 2326 τῆς
947 2257 1200 2326 θεότητος
1225 2255 1475 2326 θάτερον,
1502 2254 1695 2326 ὥσπερ
1722 2254 1854 2324 παρ’
1882 2256 2014 2326 ἡμῖν

432 2350 594 2412 εἴτις
629 2351 793 2419 μόνος
821 2345 891 2420 ἦν
921 2332 1181 2411 πλούσιος
1212 2348 1341 2410 τοῦς
1372 2348 1569 2412 ἄλλους
1605 2348 1846 2420 πένητας
1872 2343 2015 2401 εἶναι

429 2442 531 2495 οὒκ
563 2440 1003 2510 ἀμφιϐάλλομεν,
1035 2440 1244 2492 ἐκείνου
1278 2438 1410 2499 παρ’
1440 2439 1617 2508 ἑαυτῷ
1647 2439 1776 2501 τοὺς
1808 2437 2014 2509 θησαυ-

435 2535 563 2601 ροὺς
590 2528 940 2602 κατέχοντος,
967 2531 1066 2584 καὶ
1090 2522 1295 2602 μηδενὶ
1338 2531 1729 2594 κοινωνοῦντος
1764 2530 1873 2584 τῶν
1915 2547 2012 2583 τα-

429 2627 662 2689 λαντων,
696 2623 835 2679 ἀλλά
869 2621 1216 2693 πανταχόθεν
1247 2620 1600 2689 συλλέγοντος
1648 2620 1743 2675 τδν
1789 2622 2014 2693 χρυσὸν,

431 2718 525 2770 καὶ
559 2715 786 2787 μείζους
820 2714 1083 2769 ἑκάστοτε
1121 2711 1219 2776 τὰς
1252 2710 1543 2782 ἀποθήκας
1571 2712 1879 2778 ποιοῦντος.
1903 2713 2016 2785 Οὐχ

432 2809 632 2873 οὕτως,
683 2802 728 2862 ὧ
776 2807 942 2861 δεινοὶ⁵
1004 2804 1379 2876 συλλογισταὶ,
1413 2802 1583 2874 φαίην
1635 2804 1702 2858 ἂν
1755 2804 1894 2875 πρὸς
1922 2804 2017 2859 τὸν

435 2904 500 2955 Ἀ
514 2899 737 2971 ρειον,ἦ
778 2900 905 2961 τοὺς
940 2898 1008 2953 τά
1060 2898 1225 2968 ὃμοια
1268 2896 1660 2967 νενοσηκότας,
1697 2896 1727 2949 ό
1760 2896 1893 2960 Θεὸς
1922 2897 2019 2951 καὶ

434 2989 623 3062 Πατὴρ
649 2991 739 3042 τὸν
763 2989 865 3058 τῆς
901 2986 1159 3056 θεότητος
1193 2986 1430 3041 πλοῦτον
1474 2984 1609 3056 παρ’
1638 2985 1821 3056 ἑαυτῷ
1851 3003 2017 3041 συνα-

431 3083 655 3152 θροίσας
706 3079 886 3146 ὀλίγου
936 3077 1081 3141 τινος
1137 3077 1412 3148 μετέδωκε
1446 3077 1527 3148 τῷ
1560 3077 1698 3148 Υίῷ,
1740 3077 2017 3148 φθονήσας

434 3179 563 3239 ίσως
592 3178 737 3232 κατὰ
765 3175 863 3246 τὴν
899 3175 1182 3248 ἡμετέραν
1242 3168 1566 3244 σκαιότητα,
1602 3174 1636 3246 ἢ
1672 3174 2015 3245 ἀδυνατήσας

432 3268 716 3339 βουληθεὶς
752 3267 1102 3338 μεταδοῦναι,
1134 3266 1250 3319 ἀλλ’
1281 3266 1410 3336 ὅλης
1438 3266 1541 3336 τῆς
1566 3265 1757 3330 οὐσίας
1785 3269 1880 3319 καὶ
1914 3266 2013 3335 τῆς

431 3365 686 3430 θεότητος
719 3360 883 3414 αὑτὸν
918 3359 1209 3430 καθίστησι
1261 3359 1545 3427 κοινωνὸν,
1592 3358 1690 3412 καὶ
1737 3358 1922 3412 δίδωσι
1955 3357 2016 3410 τὸ

432 3457 651 3509 πάντων
710 3453 899 3523 μεῖξον
949 3451 1120 3522 αὐτῷ,
1157 3453 1244 3506 ἵνα
1279 3452 1412 3517 Θεὸς
1514 3451 1721 3515 τέλειος
1781 3451 1876 3505 καὶ
1923 3451 2017 3523 δη·-

434 3549 694 3621 μιουργδς
730 3546 854 3617 μετ’
884 3545 1051 3600 αὐτοῦ
1083 3545 1195 3599 τῶν
1227 3546 1507 3600 ἁπάντων·
1549 3544 1652 3599 κᾶν
1684 3545 2017 3618 διαρρηγνυ-

436 3643 530 3696 σθε
563 3643 693 3704 τοὺς
740 3640 836 3695 δύο
884 3640 1256 3711 δημιουργοὺς
1316 3640 1451 3711 ἡμῖν
1506 3638 1886 3709 ἐπιφέροντες,
1918 3639 2017 3693 καὶ

432 3735 765 3807 φοϐούμενοι
819 3736 1007 3805 φόϐον,
1032 3738 1171 3790 ὅπου
1204 3734 1306 3789 οὐκ
1335 3733 1454 3786 ἔστι
1506 3733 1695 3803 φόϐος.
1745 3733 2016 3801 Διαιρείτε

432 3834 540 3901 γὰρ
572 3829 696 3884 κατ’
724 3829 916 3884 οὐσίαν
949 3829 1044 3884 τοῦ
1093 3827 1310 3900 Πατρδς
1355 3826 1447 3881 τὸν
1484 3825 1617 3879 Υἱδν
1650 3825 1888 3891 ἀσεϐῶς,
1921 3827 2018 3879 καὶ

431 3923 531 3992 τὴν
563 3920 747 3975 αὐτῶν
779 3921 945 3991 φύσιν
982 3922 1076 3975 καὶ
1122 3920 1378 3989 δύναμιν,
1409 3918 1442 3989 ἢ
1488 3918 1587 3989 οὐχ
1621 3917 1819 3987 ὁμοίαν
1868 3915 2019 3968 τίθε-

434 4016 553 4081 σθε,
581 4015 613 4085 ἢ
645 4014 1011 4084 διαφέρουσαν
1044 4013 1121 4083 τῷ
1151 4009 1554 4084 ἀριθμῷ,ῶστε
1609 4009 1704 4064 δύο
1756 4011 2015 4085 δυνατοὺς

431 4108 464 4176 ἢ
493 4108 694 4177 σοφοὺς
718 4104 1033 4176 ὀνομάζειν.
1062 4105 1230 4158 Τουτὶ
1275 4103 1331 4157 δὲ
1364 4106 1431 4157 ἐκ
1467 4103 1576 4156 τῶν
1606 4104 1894 4174 ἡμετέρων
1918 4107 2016 4171 οὐχ

430 4200 623 4250 ἓπεται
653 4197 852 4265 λόγων.
888 4197 1000 4266 Τὴν
1038 4195 1210 4264 αὐτὴν
1241 4196 1376 4264 γὰρ,
1410 4194 1486 4256 ὡς
1513 4193 1750 4264 ἔφημεν,
1781 4192 1887 4264 πρδ
1924 4211 2016 4263 μιτ

433 4289 568 4361 κροῦ
605 4288 684 4360 τῷ
718 4286 941 4360 ἀριθμῷ
973 4286 1231 4357 δύναμιν,
1259 4286 1355 4339 καὶ
1390 4285 1650 4353 θεότητα,
1688 4285 1786 4339 καὶ
1824 4286 2016 4355 σοφίαν

434 4386 491 4436 ὲν
528 4384 738 4453 ἀμφοῖν
784 4376 1186 4447 θεολογιιῢντες,
1236 4376 1326 4431 διὰ
1371 4375 1529 4429 τοῦτο
1562 4378 1791 4439 εἰκότως
1838 4376 2013 4446 δήπου

431 4475 531 4528 καὶ
576 4475 677 4529 ἕνα
728 4470 1132 4543 συμπεραίνειν
1161 4469 1224 4523 οὗ
1254 4468 1629 4539 κατοκνοῦμεν
1656 4468 2012 4539 δημιουργόν.

434 4567 672 4621 Τοιαῦτα
706 4565 774 4620 ἀν
809 4582 920 4631 τις,
953 4557 998 4618 ὦ
1026 4563 1216 4632 ἄνδρες
1245 4562 1484 4633 Κρῆτες.
1521 4561 1658 4633 πρὸς
1686 4562 1777 4616 τὸν
1807 4562 2014 4616 Φωτίου

2122 697 2451 758 argumento
2509 691 2894 767 admirabilem
2941 692 3085 748 hanc
3134 694 3423 766 theologia;
3465 706 3710 751 structu-

2124 796 2238 835 ram
2290 781 2574 838 dimovere
2636 794 2799 854 putas
2839 785 2863 839 ?
2912 784 3029 841 Hoc
3071 800 3297 856 prorsus
3357 799 3703 859 argumento,

2121 871 2308 939 Photi,
2356 885 2485 929 ante
2509 884 2560 929 te
2589 875 2710 930 Filii
2772 875 2869 932 Dei
2923 878 3272 934 divinitatem
3314 893 3703 949 oppugnantes

2122 964 2201 1020 uti
2222 965 2323 1020 visi
2355 976 2501 1023 sunt.
2537 965 2597 1022 Si
2624 968 2766 1022 Deus
2794 970 3078 1040 perfectus.
3113 970 3385 1038 dicentes,
3405 969 3704 1033 Pater‘ost.

2120 1058 2248 1129 quid
2262 1075 2391 1127 opus
2414 1071 2488 1114 es!
2509 1068 2558 1114 et
2589 1058 2790 1115 Filium
2806 1063 3095 1132 perfectum
3131 1063 3299 1118 Deum
3330 1080 3438 1119 esse
3454 1062 3706 1118 credere?
3773 1106 3782 1116 .

2121 1145 2384 1218 Fugiebat
2413 1149 2559 1203 enim
2589 1150 2742 1220 ipsos
2794 1167 2958 1223 quam
3021 1154 3315 1210 verissime
3347 1154 3416 1208 ab
3461 1152 3705 1211 Ecclesia

2120 1239 2320 1306 teneri,
2352 1240 2531 1295 solum
2561 1257 2753 1297 verum
2798 1244 2969 1298 Deum
3009 1244 3250 1310 Patrem,
3296 1254 3353 1301 et
3400 1246 3704 1316 perfectum

2118 1345 2264 1396 esse,
2301 1331 2406 1385 hoc
2434 1332 2796 1389 nihilominus
2830 1350 2937 1389 non
2968 1336 3264 1391 deturbare
3294 1335 3494 1390 Filium
3522 1344 3706 1407 pater-

2118 1438 2188 1475 na
2220 1422 2310 1477 illa
2346 1423 2691 1491 han-editam,
2720 1442 2829 1495 qua
2871 1427 3053 1482 omnia
3080 1416 3289 1483 ‘Patris
3326 1443 3483 1498 atque
3531 1438 3700 1499 atque

2119 1513 2208 1568 ille
2242 1516 2505 1584 possidet.
2557 1517 2719 1573 Solus
2748 1518 2934 1588 itaque
2964 1518 3242 1589 perfectus
3282 1519 3429 1575 Deus
3457 1535 3583 1574 cum
3630 1521 3701 1575 sit

2118 1615 2174 1660 et
2204 1616 2492 1675 reputetur
2521 1609 2704 1675 Pater,
2756 1608 2928 1665 Filius
2958 1626 3180 1681 quoque
3218 1609 3364 1666 Deus
3424 1611 3702 1681 perfectus

2119 1704 2202 1752 est
2239 1706 2293 1750 ct
2336 1697 2576 1764 dicitur;
2621 1700 2769 1770 quod
2818 1702 3116 1757 tenendum
3153 1703 3327 1763 etiam
3346 1711 3434 1757 est
3477 1698 3545 1757 de
3575 1702 3704 1772 Spi-

2120 1788 2228 1840 ritu
2267 1795 2484 1843 sancto.
2523 1788 2913 1857 Eademvenim
2970 1806 3204 1847 numero
3236 1800 3293 1847 et
3340 1807 3449 1846 una
3507 1791 3695 1847 Deitas
3750 1818 3761 1823 -

2125 1875 2303 1932 tribus
2327 1881 2641 1934 communis
2668 1891 2776 1941 est,
2808 1880 3111 1938 secundum
3138 1899 3301 1953 quam
3356 1899 3704 1954 unaquaeque

2121 1980 2353 2034 persona
2385 1975 2440 2023 et
2464 1972 2612 2025 solus
2648 1968 2792 2025 Deus
2823 1981 2880 2026 et
2916 1971 3199 2042 perfectus
3232 1974 3568 2034 decernitur,
3590 1988 3711 2026 non.

2116 2057 2416 2115 excludens
2436 2059 2605 2115 alium
2630 2077 2659 2116 a
2684 2062 3009 2119 divinitate:
3046 2065 3511 2135 quemadmodum
3559 2068 3702 2134 apud

2116 2164 2218 2204 nos
2246 2149 2292 2203 si
2320 2149 2445 2218 quis
2470 2151 2622 2207 solus
2652 2163 2803 2233 esset
2831 2154 3010 2227 dives,
3073 2157 3210 2212 alios
3258 2172 3529 2229 pauperes
3575 2173 3702 2213 esse

2118 2256 2227 2295 non
2256 2241 2598 2310 dubitamus,
2636 2261 2761 2300 eum
2790 2246 2884 2302 ille
2911 2250 3055 2319 apud
3078 2263 3139 2304 se
3190 2249 3481 2306 thesauros
3527 2251 3705 2307 conti-

2117 2343 2268 2397 neat,
2319 2350 2423 2391 nec
2472 2335 2566 2391 ulli
2619 2337 2826 2393 talenta
2873 2340 3271 2406 communicet,
3326 2341 3420 2397 sed
3461 2341 3600 2397 locis
3634 2356 3700 2396 ex
3739 2353 3742 2356 ‘

2116 2425 2372 2484 omnibus
2394 2444 2589 2484 aurum
2628 2431 2972 2502 recolligens,
3019 2433 3263 2504 quotidie
3288 2436 3533 2490 auctiora
3566 2435 3694 2490 red-

2117 2518 2211 2574 dat
2246 2522 2593 2589 repositoria.
2626 2522 2744 2578 Non
2780 2525 2854 2579 ita
2877 2534 2980 2592 est,
3007 2541 3040 2580 o
3062 2527 3209 2581 acuti
3248 2523 3694 2598 syllogismorum

2117 2613 2454 2680 inventores,
2490 2617 2881 2687 responderem
2912 2619 2979 2675 ad
3014 2618 3228 2683 Arium,
3266 2620 3381 2675 sive
3423 2621 3490 2675 ad
3532 2620 3703 2676 simili

2116 2707 2313 2763 morbo
2339 2709 2630 2776 delentes;
2663 2725 2796 2777 non,
2831 2711 3079 2781 inquam,
3117 2712 3259 2767 Deus
3287 2722 3341 2767 et
3371 2714 3533 2769 Pater
3557 2713 3700 2768 divi-

2116 2798 2311 2855 nitalis
2340 2801 2633 2857 thesauros
2666 2803 2720 2857 in
2752 2805 3056 2874 semetipso
3090 2805 3434 2876 complexus,
3477 2807 3703 2876 paulum

2118 2892 2397 2964 quidpiam
2416 2910 2481 2948 ex
2507 2893 2614 2948 illis
2630 2892 2770 2951 Filio
2792 2890 3241 2966 communicavit,
3265 2897 3501 2953 fortasse
3524 2910 3704 2954 motus

2117 2985 2440 3047 invidentia,
2473 3000 2593 3054 quae
2623 2996 2800 3040 vestra
2829 2997 2913 3042 est
2940 2990 3186 3055 vesania,
3223 2999 3319 3045 aut
3348 2991 3540 3046 volens
3580 3006 3701 3045 eam

2115 3078 2525 3134 communicare
2544 3094 2654 3135 non
2683 3081 2883 3151 potuit,
2902 3082 2997 3137 sed
3019 3083 3184 3137 totius
3205 3084 3458 3139 essentia?
3485 3091 3541 3139 et
3562 3084 3704 3138 diri-

2117 3170 2305 3225 nitatis
2336 3170 2488 3225 illum
2523 3171 2846 3243 participem
2878 3172 3031 3241 facit,
3072 3174 3276 3244 datque
3325 3175 3401 3229 illi
3446 3176 3695 3230 omnium

2119 3263 2437 3329 maximum,
2470 3274 2528 3317 ut
2556 3263 2695 3319 Deus
2724 3267 3002 3335 perfectus
3035 3268 3129 3333 sit,
3153 3277 3208 3322 et
3236 3268 3401 3324 simul
3423 3285 3547 3323 cum
3577 3270 3695 3339 ipso

2120 3369 2303 3413 rerum
2348 3356 2594 3411 omnium
2639 3358 2918 3423 conditor,
2966 3359 3097 3415 licet
3118 3359 3532 3430 dirumpamini,
3565 3360 3703 3414 duos

2117 3447 2279 3503 nobis
2304 3457 2646 3518 opponentes
2701 3461 3004 3518 creatorcs,
3039 3463 3091 3507 et
3120 3460 3432 3507 metuentes
3462 3460 3698 3522 metum,

2119 3544 2211 3599 ubi
2244 3555 2424 3600 metus
2456 3562 2564 3600 non
2594 3555 2700 3603 est.
2722 3545 2977 3602 Dividitis
3002 3545 3151 3600 enim
3171 3546 3478 3601 secundum
3508 3560 3698 3601 essen-

2120 3637 2251 3691 tiam
2287 3636 2455 3708 impie
2490 3635 2692 3692 Filium
2745 3654 2775 3693 a
2806 3638 2989 3705 Patre,
3019 3648 3073 3693 ct
3109 3653 3304 3693 eorum
3333 3647 3585 3691 naturam
3644 3645 3701 3692 et

2119 3739 2445 3799 potestatem
2468 3743 2564 3785 aut
2595 3730 2922 3787 dissimilem
2954 3729 3051 3787 aut
3079 3746 3308 3787 numero
3351 3729 3700 3787 diﬂerentem

2118 3823 2432 3892 supponitis
2463 3840 2673 3893 ;quare
2703 3834 2759 3879 ct
2790 3826 2930 3880 duos
2983 3834 3256 3895 potentes,
3303 3827 3552 3897 duosque
3611 3842 3702 3882 sa-

2121 3916 2355 3985 pientes'
2395 3917 2705 3988 appellatis,
2765 3921 2913 3988 quod
2966 3932 3033 3972 ex
3092 3918 3305 3972 nostris
3340 3919 3696 3974 sermonibus

2121 4025 2231 4064 non
2266 4010 2646 4080 consequitur.
2674 4009 2937 4066 Eamdem
2961 4011 3134 4076 enim,
3174 4019 3232 4064 ut
3257 4010 3416 4080 paulo
3448 4020 3577 4065 ante
3616 4011 3703 4064 di-

2103 4102 2329 4165 oximus,
2354 4109 2687 4170 potestatem
2724 4117 2979 4166 numero,
3009 4112 3065 4157 et
3105 4104 3368 4157 deitatem
3399 4112 3452 4159 ct
3479 4105 3701 4172 sapien-

2122 4193 2252 4248 tiam
2292 4195 2346 4251 iu
2382 4194 2629 4264 utrisque
2654 4204 2989 4260 asserentes,
3027 4205 3457 4266 proptereaque,
3492 4196 3572 4250 uti
3606 4194 3717 4265 par

2116 4296 2222 4353 est,
2240 4288 2406 4343 etiam
2433 4304 2602 4343 unum
2627 4287 2961 4344 concludere
2991 4291 3308 4344 Creatorem
3344 4289 3570 4344 minime
3606 4304 3702 4344 ne-

2116 4379 2394 4450 gligimus.
2439 4380 2502 4434 Et
2530 4382 2644 4435 haec
2668 4381 2915 4449 quidem,
2951 4396 2984 4436 ο
3022 4371 3123 4436 viri
3159 4381 3478 4445 Cretenses,
3538 4383 3699 4449 quis-

2119 4474 2263 4544 piam
2304 4474 2506 4529 dixerit
2550 4475 2619 4530 ad
2670 4475 3010 4531 imbecillum
3044 4474 3233 4531 Photii
3270 4477 3651 4546 syllogismum
3682 4497 3696 4539 ;

2119 4564 2358 4637 perfecte
2377 4567 2525 4621 enim
2560 4565 2826 4637 Spiritum
2858 4582 2925 4624 ex
2965 4569 3126 4624 Patre
3162 4568 3425 4641 progredi
3454 4571 3691 4624 creden—

430 4661 577 4714 εἴποι
628 4659 841 4731 ἀδρανῆ
894 4657 1284 4726 συλλογισμόν.
1318 4655 1554 4718 Τελείως
1581 4656 1641 4708 τδ
1680 4654 1909 4725 Πνεῦμα
1946 4655 2013 4708 ἐκ

2124 4669 2229 4724 tes,
2269 4658 2629 4714 nihilominus
2671 4658 2836 4713 etiam
2886 4675 2951 4715 ex
2981 4659 3124 4716 Filio
3177 4676 3428 4716 asserere
3462 4676 3572 4715 non
3609 4675 3702 4715 re-

428 4753 522 4805 τοῦ
563 4751 774 4821 Πατρδς
809 4749 1180 4822 προέρχεσθαι
1203 4747 1577 4812 πιστεύοντες,
1607 4748 1755 4818 ὅμως
1788 4752 1893 4803 κὰκ
1918 4745 2012 4802 τοῦ

433 4842 564 4897 Υίοῦ
599 4840 770 4895 ταυτδ
804 4841 988 4910 λέγειν
1017 4841 1118 4893 οὐκ
1149 4832 1512 4909 ἀνανεύομεν.
1533 4839 1607 4892 Τὸ
1635 4839 1680 4892 δ’
1711 4840 1846 4911 ἡμῖν
1872 4839 2012 4894 ἑπά-

433 4952 549 5002 ’ίειν
573 4934 647 4997 ὡς
672 4932 867 5004 ἀτελὴς
898 4933 1006 5003 ἄρα
1035 4933 1068 5003 ἡ
1104 4926 1171 4984 t'x
1195 4937 1286 4985 rei.
1325 4931 1539 5002 Πατρδς
1565 4930 1663 4984 τοῦ
1699 4931 2016 5001 Πνεύματος

432 5021 681 5096 πρόοδος,
732 5024 968 5094 ἀμαθῶν
1018 5025 1139 5076 ἐστι
1170 5024 1328 5093 λόγος
1379 5022 1712 5095 ἀνθρώπων,
1757 5026 1853 5079 καὶ
1903 5026 2014 5079 τῶν

433 5118 783 5188 σεμνοτάτων
814 5115 1002 5186 ἀρχῶν
1043 5115 1143 5184 τῆς
1177 5113 1462 5182 θεολογίας
1510 5116 1783 5187 ἀπείρωνο
1819 5116 2012 5188 ῶσπερ

432 5208 499 5261 ἂν
516 5208 666 5271 είτις
691 5207 1012 5274 ἀποφάσκοι
1036 5207 1127 5259 τὸν
1160 5206 1289 5260 Υίδν
1319 5204 1461 5261 εἶναι
1482 5207 1688 5279 δοτῆρα
1716 5207 1812 5262 τοῦ
1842 5209 2014 5263 [Ινεύο

436 5282 629 5369 ματος,
654 5300 777 5365 ἐπεὶ
807 5298 1032 5361 τελείως
1060 5298 1263 5354 δίδοται
1299 5299 1453 5371 παρὰ
1484 5299 1581 5353 τοῦ
1633 5302 1870 5373 Ιιατρδς,
1915 5302 2014 5357 καὶ

435 5391 687 5446 ἐντεῦθεν
735 5391 832 5446 δύο
885 5390 1122 5460 δοτῆρας
1174 5392 1469 5462 προπετῶς
1503 5394 1896 5464 συμπεραίνοι,
1929 5397 2014 5450 ὅτι

430 5485 631 5556 ἐπίσης
654 5483 732 5555 τῷ
754 5483 932 5554 Πατρὶ
950 5482 1136 5536 δίδωσι
1172 5485 1228 5536 τὸ
1252 5484 1479 5555 Πνεῦμα
1502 5486 1597 5539 καὶ
1631 5488 1658 5539 ὁ
1686 5485 1838 5550 Υίός.
1864 5486 2010 5541 Ἀλλ’

431 5578 678 5631 ἀντείποι
706 5576 772 5629 ἂν
802 5578 830 5630 ὁ
859 5562 1144 5638 Βασίλειος
1183 5576 1261 5646 τῷ
1306 5577 1538 5647 τοιούτῳ
1575 5578 1710 5649 πρὸς
1752 5579 2011 5650 Ἀμφιλό-

436 5688 557 5741 χιον
575 5670 720 5724 οὕτω
754 5671 950 5741 λέγων·
974 5673 1080 5726 Διά
1095 5670 1273 5725 τοῦτο
1290 5671 1566 5739 διδόντος
1593 5673 1741 5730 αὐτὸ
1758 5676 1863 5731 τοῦ
1892 5680 2008 5732 Πα-

2118 4752 2360 4807 nuimus.
2418 4750 2627 4806 Inferre
2693 4765 2858 4820 porro
2904 4751 3088 4818 nobis,
3137 4752 3263 4807 ideo
3318 4752 3700 4820 imperleclum

2117 4859 2239 4901 esse
2300 4861 2365 4899 ex
2416 4844 2577 4898 Patre
2624 4840 2868 4913 Spiritus
2919 4859 3297 4914 progressum,
3373 4844 3704 4900 inseitorum

2118 4937 2422 5004 hominum,
2451 4946 2507 4991 et
2540 4937 2593 4990 in
2616 4930 2781 5008 quam
2822 4936 3057 4992 maxime
3118 4939 3449 4993 reverendis
3489 4939 3705 4995 theolo-

2116 5031 2255 5102 gicis
2321 5028 2612 5100 principiis
2684 5027 3057 5099 inexpertium
3112 5030 3511 5088 sermocinatio
3592 5042 3698 5088 est.

2116 5123 2591 5191 Quemadmodum
2630 5124 2678 5179 si
2731 5125 2857 5193 quis
2913 5135 3136 5196 negaret
3207 5123 3403 5180 Filium
3454 5126 3702 5180 datorem

2115 5233 2240 5274 esse
2279 5218 2543 5289 Spiritus,
2586 5221 2733 5290 quod
2763 5218 3005 5290 perfecte
3036 5218 3201 5273 datur
3231 5233 3259 5271 a
3290 5216 3476 5282 Patre,
3541 5217 3701 5271 inde-

2114 5330 2222 5385 que
2252 5315 2390 5369 duos
2418 5314 2637 5370 datores
2655 5313 2946 5370 temerarie
2975 5312 3274 5369 concludat
3305 5329 3320 5373 ς
3356 5309 3508 5381 quod
3537 5324 3695 5385 aeque

2115 5413 2282 5474 atque
2307 5405 2469 5459 Pater
2499 5405 2665 5460 etiam
2706 5404 2881 5460 Filius
2921 5403 3187 5473 Spiritum
3236 5402 3350 5456 dat.
3405 5402 3511 5455 Sed
3571 5400 3700 5455 huic

2116 5494 2506 5550 eontradixerit
2534 5496 2771 5552 Basilius
2796 5496 2865 5551 ad
2913 5493 3364 5564 Amphilochium
3423 5493 3496 5546 ita
3547 5494 3694 5546 Scri-

2116 5587 2252 5642 bens
2281 5603 2296 5642 :
2321 5585 2607 5653 Propterea
2630 5588 2790 5642 dante
2815 5587 2967 5641 illum
3000 5586 3185 5644 Patre.
3248 5583 3428 5639 Filius
3455 5584 3698 5639 eumdem

2117 5681 2213 5733 dat
2239 5697 2346 5735 una
2385 5680 2600 5736 datione
2631 5690 2679 5735 et
2719 5698 2824 5736 una
2852 5665 3314 5751 ‘supp’editalione.

432 5765 594 5829 τρὸς,
630 5770 663 5818 d
689 5764 820 5830 Υἱὸς
854 5765 1001 5820 αὐτὸ
1030 5763 1244 5819 δίδωσι
1278 5761 1388 5833 μιᾷ
1425 5763 1737 5841 adustum!
1756 5768 1866 5839 μιᾷ
1899 5774 2177 5845 χορηγίᾳ.

505 5858 580 5910 E’.
633 5856 798 5911 ⁹Αλλά
858 5858 985 5928 μὴν,
1038 5851 1082 5911 ῶ
1129 5858 1346 5928 ἀνδρες,
1382 5859 1675 5933 μέμνημαί
1727 5880 1851 5917 τινα
1898 5864 2008 5918 τῶν

338 5984 347 5996 κ
416 5950 605 6025 ,ἁγίων
638 5950 831 6018 μόνον
854 5951 960 6004 τοῦ
1002 5948 1350 6022 Πνεῦματος
1391 5956 1657 6023 χορηγὸν
1708 5958 1815 6029 τότ
1872 5960 2012 6014 Υἱὸν

764 6047 1032 6107 ΡΑΤιιοῐ..
1069 6049 1161 6110 Gn
1232 6046 1424 6109 CLIV.

2191 5865 2253 5921 ν.
2287 5865 2472 5934 Atqui,
2498 5879 2535 5920 ο
2563 5865 2686 5927 viri,
2716 5867 2825 5937 jam
2852 5865 2906 5920 in
2927 5867 3244 5922 memoriam
3270 5865 3417 5920 venit
3442 5874 3695 5921 sanctum

2120 5959 2309 6016 nescio
2335 5973 2522 6029 quem,
2549 5957 2737 6022 solum
2795 5958 3024 6030 Spiritus
3071 5960 3307 6013 dawrem
3364 5956 3565 6013 Filium
3593 5957 3696 6030 do-

3173 6053 3250 6112 39
