4070 6524
352 428 357 433 -
423 360 556 460 ιξέγ

956 397 1250 458 MAXIM!
1294 398 1883 461 CIIRYSOBEBGE
1945 400 2046 460 DE
2087 397 2615 463 PROCESSIONE
2657 400 2715 462 S.
2761 399 3147 461 SPlRlTUS.

3552 402 3693 469 1228

386 512 624 577 'cuisse,
658 523 843 581 neque
878 517 1172 580 propterea
1208 520 1438 577 prorsus
1478 506 1728 576 ejusdem
1761 506 2004 576 Spiritus

2113 503 2478 573 διδάρκοντος,
2505 506 2566 559 οὐ
2592 504 2681 559 διὰ
2715 505 2912 559 τούτου
2950 506 3164 572 πάντως
3190 506 3283 562 τοῦ
3314 509 3480 565 αὐτοῦ
3512 511 3687 566 Πνεῦ-

417 611 663 662 datorem
728 602 949 658 Patrem
1005 615 1259 671 negasse,
1309 614 1340 654 a
1394 614 1505 669 quo
1558 599 1698 654 Filio
1748 598 2029 671 provenit.

417 700 550 754 dare
600 695 895 767 Spiritum,
949 693 1048 750 sed
1095 702 1155 748 ut
1196 693 1404 747 clarum
1452 690 1695 764 Spiritus
1740 709 1808 748 ex
1864 690 2003 748 Filio

406 805 771 864 progressum
826 788 1183 861 signiﬁcaret.
1244 801 1371 842 eum
1407 784 1571 841 detur
1615 784 1708 840 ille
1766 784 1836 840 ab
1882 785 2002 857 ipso

398 884 501 939 'uti
550 882 828 956 proprius,
862 896 960 953 per
992 895 1154 951 quem
1209 887 1264 933 et
1302 878 1517 933 beatam
1553 878 1811 934 deitatem
1851 891 2003 933 com-

405 978 557 1048 rplet,
610 988 671 1032 ut
719 956 1191 1045 sapienti-Basilio
1244 971 1481 1027 videtur.
1522 970 1727 1026 Eadem
1782 985 2004 1042 quoque

422 1070 638 1123 ratione
690 1065 903 1121 Patrem
939 1064 1029 1117 alii
1072 1062 1435 1134 pronuntiant
1484 1060 1656 1116 solum
1691 1063 1887 1133 fontem
1914 1079 2004 1117 su-

422 1158 814 1232 peresscntialis
843 1156 1088 1220 Deitatis,
1128 1170 1240 1210 non
1268 1161 1535 1226 negantes
1565 1150 1763 1209 Filium
1795 1152 2003 1207 fontem

424 1269 543 1308 esse
580 1252 831 1307 Deitatis.
883 1250 1058 1304 Absit.
1118 1246 1303 1301 Palam
1357 1245 1404 1301 si
1450 1245 1670 1316 quidem
1703 1253 1757 1299 et
1787 1244 2007 1299 divinus

424 1344 758 1398 Athanasius
797 1343 972 1396 :Jam
1031 1339 1167 1393 dixit
1229 1338 1399 1409 Dauid
1446 1338 1591 1405 apud
1626 1335 1845 1390 Patrem
1893 1352 2006 1390 esse

424 1434 627 1490 Filium
658 1437 856 1507 fontem
907 1431 1143 1501 Spiritus
1181 1430 1375 1484 sancti.
1409 1426 1466 1483 ld
1497 1428 1541 1483 si
1588 1426 1861 1497 quispiam
1894 1440 2006 1482 nou

423 1525 780 1586 concesserit,
816 1536 1044 1578 necesse
1072 1529 1158 1576 est
1186 1520 1404 1576 Patrem
1437 1517 1613 1573 solum
1643 1515 1851 1572 fontem
1883 1529 2008 1571 esse

412 1616 753 1697 \divinitatis,
784 1614 986 1669 Filium
1022 1628 1154 1669 vero
1194 1611 1400 1667 fontem
1445 1609 1686 1681 Spiritus
1718 1609 1918 1675 sancti,
1952 1616 2008 1663 et

423 1726 534 1764 non
578 1709 888 1764 divinitatis
926 1724 940 1762 :
977 1721 1149 1777 quare
1199 1705 1380 1761 nudus
1431 1703 1741 1767 divinitatis
1774 1716 1903 1757 esse
1939 1716 2006 1755 ex

421 1817 488 1856 eo
514 1801 874 1873 progrediens
905 1799 1144 1870 Spiritus
1170 1798 1602 1861 existimaretur,
1633 1794 1778 1867 quod
1810 1794 2007 1865 impie-

423 1906 593 1949 tatem
646 1909 871 1948 omnem
924 1900 1225 1963 exsuperat
1272 1906 1293 1947 ε

421 1986 629 2041 fontem
681 2001 803 2041 esse
837 1985 1060 2041 deitatis
1109 1982 1331 2052 Filium,
1370 1981 1466 2038 sed
1518 1996 1629 2037 non
1683 1980 1878 2035 similis
1930 1979 2006 2035 illi

422 2098 541 2151 qua:
572 2096 637 2136 ex
668 2080 826 2135 Patre
858 2078 1230 2151 progreditur,
1260 2076 1400 2132 adeo
1422 2084 1481 2130 ut
1509 2075 1805 2131 discrimen
1831 2072 2011 2127 deita-

423 2185 541 2230 tum
601 2173 988 2242 conlingatur:
1025 2181 1079 2227 et
1135 2170 1278 2226 hanc
1308 2169 1530 2241 quidem
1587 2166 1645 2222 in
1700 2164 2006 2239 hypostasi,

423 2267 572 2321 illam
628 2266 837 2336 absque
908 2262 1214 2336 bypostasi,
1264 2272 1320 2318 et
1367 2262 1529 2327 hanc.
1562 2275 1685 2315 cum
1743 2257 2007 2323 essentia,

421 2360 574 2415 illam
614 2359 821 2430 absque
859 2357 1124 2422 essentia,
1158 2356 1315 2427 quod
1336 2363 1392 2412 et
1440 2352 1760 2410 Graecorum
1809 2349 2009 2405 fabulis

422 2453 597 2508 multo
626 2449 1037 2507 monstruosius
1068 2454 1191 2517 est;
1247 2456 1305 2503 et
1363 2445 1751 2507 nihilominus,
1786 2458 1820 2498 ο
1878 2441 2006 2507 viri,

424 2538 666 2608 Spiritus
715 2537 894 2593 sancti
940 2550 1147 2593 nomen
1204 2535 1345 2591 nulli
1406 2534 1498 2589 alii
1542 2531 1789 2603 adaptari
1832 2545 2008 2601 quam

422 2632 604 2689 tertia:
660 2631 713 2686 in
769 2629 1037 2686 Triuitate
1086 2642 1338 2699 persona:
1369 2666 1385 2693 ,
1435 2639 1558 2696 quae
1625 2632 1679 2678 et
1713 2621 1921 2678 effundi
1977 2637 2010 2677 a

420 2722 587 2778 Patre
611 2732 667 2778 et
696 2719 866 2788 Filio,
905 2728 964 2776 et
1014 2717 1358 2790 suppeditari
1412 2724 1469 2771 ct
1521 2714 1691 2783 mitti,
1728 2731 1756 2768 a
1806 2712 2011 2769 sanctis

422 2817 680 2874 Patribus
725 2816 1045 2873 edocemur.
1109 2814 1330 2870 Primus
1382 2813 1531 2868 enim
1577 2818 1705 2865 ante
1735 2809 1871 2864 alios
1902 2808 2008 2882 Cy-

422 2911 583 2966 rillus
616 2928 630 2965 :
660 2909 808 2966 Licet
846 2910 916 2964 sit
948 2911 1002 2965 in
1037 2909 1311 2981 hypostasi
1349 2907 1563 2978 prapria
1597 2904 1834 2974 Spiritus
1883 2919 2011 2958 san-

422 3015 555 3067 ctus,
592 3020 695 3075 qua
721 3001 955 3071 Spiritus
1009 3012 1109 3067 est,
1163 3012 1212 3057 et
1262 3018 1365 3056 non
1420 2998 1614 3064 Filius,
1647 3006 2012 3054 uerumtamen

423 3113 527 3152 non
554 3110 627 3152 est
659 3097 746 3151 illi
795 3098 1004 3151 alienus
1037 3112 1057 3151 :
1093 3095 1329 3165 Spiritus
1367 3094 1502 3148 enim
1528 3091 1770 3148 veritatis
1810 3105 2013 3144 nuncu-

422 3202 582 3260 patus
618 3201 717 3253 est,
752 3201 802 3245 et
852 3198 929 3244 est
977 3187 1219 3245 Christus
1248 3189 1465 3250 ueritas,
1515 3194 1566 3241 et
1612 3184 1905 3255 e/I‘unditur
1943 3182 2009 3237 ab

418 3287 553 3353 ipso,
587 3282 1031 3354 quemadmodum
1066 3298 1130 3335 ex
1169 3280 1274 3335 Deo
1304 3293 1352 3334 et
1385 3278 1569 3334 Patre.
1596 3276 2006 3349 Supramodum

426 3382 590 3441 bene,
621 3375 695 3429 mi
726 3375 949 3444 Cyrille,
1000 3374 1091 3443 qui
1138 3388 1243 3427 nos
1284 3388 1313 3426 a
1356 3371 1605 3427 molestia
1654 3369 1923 3433 iiberasti,
1953 3368 2007 3424 in

425 3468 704 3538 hypostasi
735 3468 959 3538 propria
994 3465 1350 3521 exsistentem
1371 3463 1638 3532 Spiritum
1664 3471 1913 3518 sanctum
1942 3475 2011 3516 ex

425 3562 560 3616 Filio
582 3561 673 3615 Dei
696 3560 907 3616 effundi
936 3559 1129 3616 eodem
1162 3572 1270 3628 quo
1288 3566 1345 3613 et
1368 3571 1398 3611 a
1419 3554 1576 3621 Patre
1598 3557 1756 3611 modo
1781 3555 2007 3619 docens,

424 3659 630 3727 quique
661 3657 713 3710 in
746 3656 870 3711 aliis
899 3654 1007 3709 tuis
1038 3653 1390 3715 sermonibus
1417 3652 1606 3725 egredi
1635 3649 1905 3721 Spiritum
1935 3664 2005 3704 ex

424 3751 564 3804 Filio
598 3750 673 3803 uti
716 3763 783 3802 ex
814 3747 924 3802 Deo
955 3746 1114 3801 Patre
1139 3743 1382 3802 Verbum
1413 3745 1571 3813 dicis,
1598 3753 1654 3800 et
1687 3759 1755 3799 ex
1792 3743 2011 3813 propria

371 3846 377 3853 '
421 3826 587 3897 nobis
633 3841 777 3897 illius
830 3848 1028 3895 natura
1064 3839 1209 3895 mitti
1260 3839 1540 3895 decernis.
1599 3835 1711 3892 Sed
1760 3834 2007 3890 divinum

422 3950 641 4006 quoque
675 3936 1061 3998 Athanasium,
1093 3934 1136 3989 si
1180 3935 1384 4004 placet,
1410 3947 1481 3986 ne
1523 3938 1938 3999 praetereamus,
1977 3942 2011 3982 ο

422 4032 549 4094 \‘irl,
582 4028 680 4100 qui
715 4029 906 4084 scribit
941 4027 1112 4083 :Cum
1166 4043 1300 4080 unus
1331 4028 1399 4079 sit
1430 4022 1622 4086 Filius,
1668 4025 1841 4078 vivens
1885 4023 2011 4077 Ver-

421 4125 569 4185 bum,
627 4137 793 4177 unam
855 4128 1062 4191 oportet
1099 4135 1206 4174 esse
1240 4117 1671 4172 illuminatricem
1710 4126 1758 4171 et
1813 4116 2012 4171 sancti-

420 4220 711 4289 ﬁcatricem
738 4221 922 4281 uitam,
950 4235 1068 4290 qua!
1103 4217 1268 4285 ipsius
1297 4214 1366 4268 sit
1417 4213 1653 4280 Operatio
1694 4223 1741 4268 et
1788 4213 2007 4278 donum,

420 4327 539 4382 qum
568 4328 632 4366 ea:
667 4309 829 4365 Patre
877 4310 1074 4364 dicitur
1129 4306 1432 4376 procedere,
1475 4310 1687 4376 quando
1731 4307 1895 4360 etiam
1945 4321 2010 4359 ea:

428 4404 618 4469 Verbo,
646 4403 785 4474 quod
813 4418 877 4457 ea:
902 4400 1072 4455 Patre
1100 4400 1378 4462 asseritur,
1405 4402 1572 4453 elucet
1616 4408 1664 4451 et
1702 4398 1936 4451 mittitur
1961 4407 2009 4452 et

422 4497 608 4549 datur.
632 4494 807 4561 Quam
836 4492 1044 4556 divine,
1079 4508 1110 4546 ο
1137 4491 1266 4557 viri,
1294 4490 1685 4544 nonnullorum
1713 4505 2008 4560 argumen—

2082 611 2281 665 ,ματος
2310 596 2551 667 χορηγὸν
2579 595 2673 650 τὸν
2710 596 2932 667 Πατέρα
2959 613 3024 665 γε
3054 597 3413 668 ἀρνουμένου,
3451 601 3581 673 παρ’
3624 602 3687 656 οὗ

2104 690 2134 742 ὁ
2151 688 2281 752 ne;
2305 689 2367 742 τό
2393 688 2598 742 διδόναι
2628 689 2689 742 τὸ
2714 688 2941 761 Πνεῦμα
2963 687 3145 762 [Extat],
3168 690 3286 745 ἀλλ’
3314 691 3402 747 ἴνα
3430 695 3532 766 τὴν
3561 696 3692 750 είλι-

2108 779 2271 851 κρινῆ
2290 780 2443 851 παρὰ
2464 779 2559 834 τοῦ
2580 779 2711 834 Υίοῦ
2726 780 2968 855 ,πρόοδον
2988 778 3082 835 τοῦ
3106 781 3246 835 Πνεύ
3254 798 3425 853 ματος
3444 785 3688 859 σημάνῃ,
3794 774 3803 783 ’

2106 873 2386 943 διδομένου
2418 873 2552 946 παρ’
2578 873 2747 929 αὐτοῦ
2778 873 2855 938 ὡς
2885 875 3114 940 οἰκείου,
3147 875 3215 928 δι’
3239 875 3299 929 οῦ
3325 876 3423 931 καὶ
3453 880 3551 949 τὴν
3586 899 3692 951 μα-

2109 967 2308 1038 καρίαν
2342 965 2576 1037 θεότητα
2612 966 2905 1038 ἐκπληροῖ,
2934 967 3009 1031 ὡς
3048 967 3197 1022 δοκεῖ
3225 968 3304 1040 τῷ
3344 971 3494 1043 σοφῷ
3526 973 3688 1026 Βασιο

2106 1057 2258 1129 λείῳ.
2296 1058 2400 1113 Τὸν
2448 1059 2613 1114 αὐτὸν
2648 1059 2706 1114 δὲ
2754 1061 2964 1132 τρόπον
2997 1061 3096 1115 καὶ
3147 1062 3240 1116 τὸν
3292 1064 3508 1134 Πατέρα
3541 1066 3691 1121 ἄλλοι

2108 1151 2423 1221 θεολογοῦσι
2451 1154 2658 1224 μόνην
2688 1152 2895 1224 πηγὴν
2928 1152 3043 1222 τῆς
3080 1156 3455 1227 ὑπερουσίου
3490 1160 3692 1229 θεότηο

2108 1262 2232 1311 τος,
2263 1245 2364 1299 οὐκ
2389 1244 2721 1317 ἀρνούμενοι
2749 1247 2843 1301 τὸν
2875 1246 3004 1301 Υἰδν
3039 1248 3223 1318 πηγὴν
3252 1244 3390 1305 εἶναι
3415 1251 3685 1322 θεότητος,

2108 1339 2312 1407 ἄπαγε.
2357 1338 2553 1409 Σαφῶς
2582 1341 2693 1412 γὰρ
2741 1342 2837 1394 καὶ
2883 1343 2911 1395 ό
2965 1342 3113 1412 ίερὸς
3153 1343 3497 1408 ’Δθανάσιοςο
3534 1347 3687 1416 Ἤδη

2108 1428 2225 1498 ἔφη
2276 1445 2341 1498 γε
2372 1431 2406 1484 ό
2439 1430 2626 1485 Δαυτὸ
2673 1430 2837 1500 παρὰ
2868 1430 2948 1497 τῷ
2999 1433 3185 1502 Πατρί
3224 1433 3369 1488 ὄντα
3403 1433 3509 1489 τόν
3552 1437 3691 1491 Υίόν

2111 1520 2227 1589 τὴν
2254 1521 2463 1592 πηγὴν
2512 1522 2621 1578 τοῦ
2669 1523 2847 1594 ἁγίου
2904 1527 3277 1595 Πνεύματος.
3326 1528 3387 1581 Ei
3444 1527 3553 1599 γὰρ
3611 1529 3687 1601 μὴ

2110 1613 2273 1668 τοῦτο
2305 1616 2657 1687 συγχωρήσει
2703 1634 2812 1682 τις,
2865 1618 3194 1689 συμϐαίνειν
3229 1621 3446 1693 ἀνάγκη
3470 1623 3560 1676 τὸν
3591 1623 3689 1693 μὲν

2116 1708 2339 1778 Πατέρα
2389 1709 2576 1779 πηγὴν
2624 1709 2890 1781 θεότητος
2947 1710 3111 1778 μόνον
3146 1709 3427 1777 εἷναι,τδν
3474 1713 3531 1767 δὲ
3559 1715 3687 1769 Υίδν

2112 1801 2299 1872 πηγὴν
2327 1803 2428 1872 μὲν
2458 1802 2551 1856 τοῦ
2581 1803 2740 1872 ἁγίου
2766 1803 3108 1870 Πνεὺματος,
3137 1805 3277 1876 πλὴν
3310 1807 3372 1858 οὐ
3403 1805 3677 1877 θεότητος’

1354 1891 1472 1947 sive
1530 1890 1834 1946 secundum
1881 1887 2007 1954 hoc,

2115 1892 2257 1947 ὥστε
2288 1894 2499 1964 γυμνὸν
2529 1895 2787 1966 θεότητος
2819 1896 2881 1949 τὸ
2911 1895 2970 1961 ἐξ
3002 1897 3214 1950 ἐκείνου
3246 1897 3437 1969 προϊὸν
3469 1876 3688 1971 Πνεῦμα

2111 1988 2455 2057 νομίζεσθαι,
2488 1987 2517 2041 δ
2545 1988 2737 2062 πόρρω
2768 1988 2952 2061 πάσης
3007 1989 3351 2061 καθέστηκεν
3385 1991 3684 2063 εὐσεϐείας.

2114 2079 2185 2132 ’Ἡ
2208 2082 2269 2134 τό
2296 2097 2358 2149 γε
2389 2079 2646 2154 δεύτερον
2677 2081 2939 2153 θεότητος
2975 2082 3076 2153 μὲν
3110 2084 3293 2154 πηγὴν
3327 2084 3572 2137 τίθεσθαι
3596 2084 3688 2137 τὸν
3724 2136 3733 2143 ,

2119 2171 2267 2240 Υἰδν,
2307 2172 2449 2243 πλὴν
2476 2174 2575 2244 οὐχ
2625 2174 2817 2244 ὁμοίας
2845 2175 2946 2244 τῆς
2980 2178 3047 2229 ἐκ
3092 2175 3187 2230 τοῦ
3220 2176 3434 2246 Πατρός
3467 2176 3683 2248 προϊού-

2114 2280 2236 2336 σης,
2266 2265 2409 2320 ὥστε
2444 2267 2539 2320 καὶ
2566 2265 2841 2338 θεοτήτων
2874 2266 3142 2339 διαφορὰν
3168 2269 3445 2333 πλάττειν,
3471 2271 3568 2324 xui.
3593 2269 3678 2339 τήν

2112 2356 2216 2423 μὲν
2258 2357 2651 2422 ὲνυπόστατον,
2681 2358 2782 2430 τὴν
2807 2358 2863 2412 δὲ
2902 2360 3301 2427 ἀνυπόστατον,
3329 2361 3421 2415 καὶ
3455 2362 3555 2426 τὴν
3592 2365 3682 2432 μὲν

2111 2447 2381 2517 ὲνούσιον,
2404 2448 2505 2522 τὴν
2540 2450 2600 2504 δὲ
2628 2451 2909 2519 ἀνούσιον,
2945 2452 2974 2506 δ
3005 2453 3100 2507 καὶ
3130 2453 3230 2519 τῆς
3268 2455 3551 2528 ἑλληνικῖμ
3588 2457 3682 2510 πὲ-

2112 2558 2251 2611 φυκε
2280 2541 2752 2615 τερατωδέστερον
2789 2545 3145 2614 μυθολογίας.
3172 2546 3365 2602 Καίτοι
3401 2566 3486 2618 γε,
3517 2543 3561 2604 ὧ
3600 2552 3690 2606 ἇν-

2111 2632 2256 2703 δρες,
2287 2632 2347 2687 τὸ
2381 2632 2477 2687 τοῦ
2509 2633 2670 2704 ἁγίου
2702 2635 3022 2707 Πνεύματος
3052 2638 3225 2710 ὄνομα
3281 2640 3475 2711 μηδενὶ
3519 2642 3687 2712 ἑτέρῳ

2112 2722 2380 2807 ἁρμόζειν
2406 2723 2775 2797 διδασκόμεθα
2805 2728 2912 2782 ὑπὸ
2960 2730 3072 2784 τῶν
3123 2731 3319 2801 ἁγίων,
3346 2733 3379 2804 ἢ
3413 2734 3490 2804 τῷ
3518 2735 3685 2806 τρίτῳ

2113 2816 2404 2887 προσώπῳ.
2428 2817 2488 2871 ὲν
2520 2820 2587 2889 τῇ
2617 2817 2833 2888 Τριάδι,
2871 2818 2900 2873 δ
2927 2819 2994 2889 δὴ
3026 2821 3123 2875 καὶ
3154 2823 3441 2894 ὲκχεῐσθαι
3472 2825 3686 2894 λέγεται

2112 2906 2268 2978 παρὰ
2292 2907 2505 2980 Πατρός
2537 2908 2635 2964 καὶ
2686 2909 2840 2979 Υίοῦ,
2874 2912 2968 2967 καὶ
2990 2915 3389 2985 χορηγεῖσθαι,
3421 2919 3513 2971 καὶ
3546 2919 3691 2988 πέμ-

2114 3000 2335 3055 πεσθαι.
2363 3000 2543 3067 Εὐθὺς
2571 3002 2677 3075 γὰρ
2703 3004 2733 3057 ό
2764 3004 2908 3076 ἱερὸς
2941 3005 3212 3075 Κύριλλος
3232 3024 3247 3040 ο
3284 3009 3353 3062 Ei
3388 3007 3485 3062 καὶ
3518 3007 3690 3063 ἔστιν

2114 3090 2184 3145 ἐν
2211 3092 2553 3149 ὑποστάσει
2588 3093 2755 3163 ίδικῇ
2802 3098 2870 3149 τό
2905 3096 3148 3167 Πνεῦμα
3197 3098 3265 3153 τό
3307 3099 3498 3170 ἅγιον,
3541 3102 3688 3156 καθὸ

2114 3183 2362 3257 Πνεῦμα
2387 3187 2546 3252 ἐστὶ,
2575 3187 2677 3242 καί
2710 3189 2827 3257 οὐχ
2857 3190 3014 3257 Υίός,
3051 3191 3191 3246 ἀλλ’
3218 3194 3330 3248 οὐκ
3378 3193 3551 3248 ἐστιν
3591 3195 3692 3250 ἀλ-

2113 3279 2360 3346 λότριον
2382 3279 2593 3335 αὐτοῦ.
2616 3281 2861 3349 Πνεῦμα
2884 3283 2995 3351 γὰρ
3018 3282 3305 3353 ἀληθείας
3327 3270 3689 3356 ὠνόιίασται,

2114 3370 2214 3425 καὶ
2249 3372 2382 3426 ἔστι
2412 3373 2670 3441 Χριστός
2699 3375 2736 3442 ἡ
2768 3372 3023 3439 ἀλήθεια
3068 3377 3167 3430 καὶ
3217 3378 3524 3449 προχεῖται
3554 3380 3689 3446 παρ’

2114 3466 2324 3530 αὐτοῦ,
2355 3467 2624 3538 καθάπερ
2652 3470 2861 3540 ἀμέλει
2892 3472 2992 3525 καὶ
3022 3471 3091 3525 ἐκ
3127 3471 3233 3527 τοῦ
3270 3473 3417 3528 Θεοῦ
3450 3475 3546 3526 καί
3574 3477 3691 3526 Πα-

2114 3561 2278 3629 τρός.
2297 3560 2632 3633 ’Υπέρευγε,
2660 3561 2922 3634 Κύριλλε,
2949 3564 3019 3628 ὡς
3046 3565 3364 3635 ἀπήλλαξας
3385 3566 3530 3636 ἡμᾶς
3554 3581 3693 3635 πρα-

2114 3651 2369 3722 γμάτων,
2391 3654 2453 3705 τὸ
2487 3656 2546 3706 ὲν
2578 3655 2880 3709 ὑποστάσει
2936 3656 3042 3728 ἰδίᾳ
3085 3655 3144 3709 ὃν
3191 3656 3416 3726 Πνεῦμα
3447 3656 3599 3725 ἆγιον
3626 3658 3692 3708 ἐκ

2112 3744 2212 3799 τοῦ
2243 3744 2374 3798 Υίοῦ
2400 3745 2494 3799 τοῦ
2524 3745 2660 3799 Θεοῦ
2694 3747 3021 3818 προχεῖσθαι
3049 3747 3124 3809 ὡς
3149 3750 3211 3802 ἐκ
3241 3747 3336 3802 τοῦ
3370 3748 3580 3819 Πατρός
3611 3748 3691 3801 δι-

2114 3834 2355 3900 δάσκων,
2376 3836 2433 3899 ὃς
2468 3853 2532 3905 γε
2566 3838 2625 3889 ὲν
2675 3837 2858 3901 ἄλλοις
2907 3838 3090 3906 λόγοις
3121 3837 3329 3903 ἐξιέναι
3360 3840 3421 3893 τὸ
3470 3837 3692 3910 Πνεῦμα

2116 3933 2181 3984 ὲκ
2208 3929 2303 3984 τοῦ
2338 3930 2492 3997 Υίοῦ,
2523 3932 2599 3994 ὡς
2632 3932 2696 3983 ἐκ
2727 3930 2824 3984 τοῦ
2872 3930 3007 3984 Θεοῦ
3037 3933 3248 4003 Πατρός
3282 3933 3476 4000 Λόγον,
3508 3934 3599 3985 καὶ
3632 3932 3693 3999 ἐξ

2119 4022 2257 4086 ίδίας
2288 4025 2421 4094 ἡμῖν
2455 4024 2888 4095 ἀναπέμπεσθαι
2924 4025 3144 4093 φύσεως
3196 4023 3490 4095 θεολογεῖς.
3532 4025 3691 4079 um

2116 4118 2223 4188 γὰρ
2252 4118 2346 4170 κα)⁵
2376 4115 2466 4171 τὸν
2507 4117 2652 4187 ἱερὸν
2703 4117 3054 4181 Ἀθανάσιον,
3096 4120 3145 4171 εἰ
3176 4119 3347 4185 δοκεῖ,
3385 4119 3460 4189 μὴ
3490 4118 3692 4189 παρέλ-

2115 4211 2321 4278 θωμεν,
2350 4203 2395 4263 ὦ
2429 4210 2647 4283 ἄνδρες,
2694 4213 2754 4275 ὃς
2784 4228 2953 4281 φησιν
2976 4228 2990 4242 ·
3034 4210 3203 4277 Ἑνός
3235 4210 3344 4281 γὰρ
3379 4210 3554 4278 ὄντος
3585 4212 3690 4266 τοῦ

2126 4302 2262 4357 Υἱοῦ
2293 4302 2400 4356 τοῦ
2428 4300 2649 4368 ζῶντος
2698 4303 2921 4373 Λόγου,
2941 4302 3089 4372 μίαν
3130 4303 3284 4357 εἶναι
3316 4301 3413 4357 δεῖ
3436 4302 3551 4370 τὴν
3579 4319 3692 4370 φω-

2112 4394 2393 4463 τιστικὴν
2422 4397 2519 4448 καὶ
2562 4396 2925 4465 ἁγιαστικὴν
2957 4395 3116 4464 ζωὴν
3142 4391 3342 4451 οὖσαν
3392 4394 3691 4463 ἐνέργειαν

2112 4487 2303 4542 αὑτοῦ
2334 4487 2436 4541 καὶ
2470 4487 2718 4556 δωρεὰν,
2750 4487 2787 4555 ἢ
2832 4507 2919 4557 τις
2949 4490 3016 4542 ἐκ
3049 4489 3154 4543 τοῦ
3204 4470 3427 4558 Πατρός
3457 4492 3688 4558 λέγεται

426 4586 662 4639 taliones
725 4584 1001 4643 dissolvit,
1033 4597 1100 4635 ex
1130 4582 1311 4644 Patre
1363 4581 1755 4651 procedentem
1813 4581 2004 4645 vitam,

2113 4583 2571 4653 ἐκπορεύεσθαι,
2594 4583 2807 4653 ἐπειδὴ
2842 4585 2913 4638 ἐκ
2958 4584 3065 4637 τοῦ
3120 4585 3313 4656 Λόγου
3361 4584 3469 4639 τοῦ
3496 4586 3563 4640 ἐκ
3590 4583 3689 4638 τοῦ

425 4693 588 4745 quam
646 4676 799 4731 dedit
840 4684 894 4730 et
933 4674 1072 4728 Filio
1116 4674 1283 4728 etiam
1347 4672 1402 4727 in
1465 4670 1606 4728 Filio
1662 4687 1784 4729 esse
1830 4683 1885 4727 et
1940 4672 2008 4727 ab

423 4770 620 4824 eodem
650 4768 768 4823 dari
794 4776 849 4821 et
876 4766 1018 4821 mitti
1053 4765 1461 4830 manifestavit;
1498 4768 1594 4821 sed
1643 4780 1676 4820 0
1710 4765 2008 4820 multorum

423 4862 729 4915 obcaecatas
775 4859 1178 4929 cogitationes!
1216 4873 1250 4914 ο
1282 4859 1543 4931 iniustum
1608 4859 1878 4914 adversus
1915 4875 2012 4914 ve-

425 4954 644 5006 ritatem
711 4951 936 5006 odium!
987 4966 1021 5007 o
1074 4951 1344 5008 lubricam
1397 4952 1850 5008 contentionem!
1902 4936 2009 5024 qua

428 5043 746 5107 manifesta,
776 5060 838 5098 ac
870 5045 1166 5115 perSpicua
1205 5061 1523 5117 Oppugnare
1555 5056 1851 5111 conantur,
1901 5058 2012 5116 qua

427 5137 653 5205 quidam
691 5136 758 5191 tle
806 5138 1129 5194 nominibus
1159 5140 1509 5205 altercantes,
1539 5139 1735 5193 salutis
1771 5140 2013 5209 propriae

428 5231 743 5298 proditores
794 5232 981 5288 miseri
1031 5232 1290 5299 evadunt,
1356 5232 1787 5288 absurtlissimas
1848 5231 2012 5286 simul

429 5324 835 5394 propositiones
871 5314 1260 5391 concedentes,
1305 5342 1371 5388 ea;
1424 5324 1588 5379 Patre
1634 5325 1764 5392 solo,
1794 5340 2015 5379 rursus-

426 5431 557 5485 que,
583 5434 648 5472 ea:
687 5418 850 5475 Patre
873 5437 967 5489 per
994 5419 1189 5475 Filium
1227 5424 1503 5489 procedere
1524 5419 1808 5489 Spiritum,
1834 5434 2013 5489 neque

428 5511 663 5579 seipsos,
699 5526 877 5581 neque
924 5527 1020 5567 sua
1054 5512 1197 5575 dit-ta
1242 5511 1638 5582 percipientes,
1689 5524 1869 5577 neque
1894 5509 2015 5577 qui-

434 5602 664 5660 buscum
699 5620 985 5661 sermones
1010 5606 1305 5667 conferunt
1332 5605 1732 5675 intelligentes;
1764 5602 2015 5657 homines

428 5701 577 5754 enim
604 5701 821 5758 dicendi
854 5712 995 5768 arte,
1025 5711 1081 5757 et
1121 5716 1438 5757 sermonum
1496 5708 1755 5754 accurato
1804 5698 2015 5768 judicio

426 5795 754 5864 Conspiruos
807 5807 1103 5867 sequentes
1137 5796 1205 5851 ad
1247 5793 1448 5868 similia
1498 5792 1771 5846 credenda
1821 5805 2015 5860 proce-

429 5886 589 5942 dant.
630 5888 1016 5977 Verumtamen
1053 5888 1196 5943 nihil
1249 5897 1333 5943 est
1390 5884 1536 5957 quod
1595 5886 1889 5967 multorum
1952 5899 2015 5938 ac

2117 4675 2349 4743 Πατρός
2377 4675 2896 4748 ὁμολογουμένου,
2932 4676 3226 4747 ἐκλάμπει
3263 4677 3363 4732 καὶ
3397 4678 3689 4733 ἀποστέλ-

2112 4770 2284 4821 λεται
2316 4767 2417 4820 καί
2450 4766 2703 4821 δίδοται.
2747 4767 2835 4831 Ὠς
2869 4768 3190 4840 ὑπερφυῶς,
3222 4762 3511 4845 ὦᾶνδρες,
3536 4769 3688 4822 ἔλυσε

2112 4864 2243 4926 τοὺς
2272 4862 2382 4916 τῶν
2412 4862 2578 4917 τινῶν
2607 4861 2888 4933 ἐλέγχους,
2917 4863 3013 4934 τὴν
3044 4866 3111 4918 ὲκ
3158 4864 3250 4918 τοῦ
3282 4864 3495 4935 Πατρός
3529 4866 3690 4917 ἔκπο-

2119 4955 2422 5028 ρευομένην
2456 4954 2625 5026 ζωὴν,
2653 4954 2721 5025 ἢν
2775 4955 2945 5009 ἔδωκε
2996 4956 3092 5010 καὶ
3147 4956 3227 5027 τῷ
3278 4955 3394 5027 Υἱῷ
3424 4960 3481 5012 ὲν
3513 4957 3685 5024 ἑαυτῷ

2114 5050 2261 5119 ἔχειν
2294 5047 2426 5118 παρ’
2462 5048 2633 5101 αὑτοῦ
2699 5047 2944 5103 δίδοσθαι
2979 5050 3075 5103 καὶ
3108 5049 3427 5120 πέμπεσθαι
3473 5051 3689 5120 διατρα-

2116 5143 2324 5203 νὼσας.
2363 5139 2505 5193 Ἀλλ’
2535 5137 2581 5193 ὣ
2618 5140 2719 5210 τῆς
2751 5143 2861 5193 τῶν
2897 5140 3110 5195 πολλῶν
3140 5141 3547 5213 πεπηρωμένης
3577 5144 3687 5196 δια-

2117 5233 2290 5296 νοίαςι
2325 5232 2394 5286 Ὢ
2431 5232 2528 5286 τοῦ
2559 5232 2749 5287 ἀδίκου
2800 5235 2900 5304 τῆς
2954 5234 3216 5306 ἀληθείας
3254 5235 3469 5306 μίσουςί
3500 5236 3563 5288 Ἦ
3590 5234 3689 5303 τῆς

2119 5326 2458 5396 ἐπισφαλοῦς
2488 5326 2848 5395 φιλονεικίας,
2949 5332 3253 5399 πειρῶνται
3281 5330 3395 5393 τοῖς
3437 5331 3690 5400 φανεροῖς

2120 5421 2403 5489 πολεμεῖν,
2501 5437 2647 5482 τινες
2700 5422 2830 5491 περὶ
2860 5419 2971 5474 τῶν
3004 5421 3291 5491 ὀνομάτων
3322 5419 3691 5491 ζυγομαχοῦν-

2118 5531 2233 5578 τες,
2268 5513 2528 5585 προδόται
2557 5514 2801 5584 γίνονται
2831 5516 2930 5583 τῆς
2956 5513 3139 5567 αὐτῶν
3172 5514 3566 5582 κακοδαίμονες
3590 5529 3691 5565 ctu-

2118 5607 2339 5676 τηρίας,
2365 5604 2786 5677 συγχωροῦντες
2832 5607 2972 5677 ὁμοῦ
3011 5611 3111 5669 τὰς
3152 5606 3510 5669 ἀτοπωτάτας
3558 5622 3690 5674 προ-

2117 5699 2331 5762 τάσεις,
2359 5697 2428 5752 ἑκ
2482 5697 2590 5753 τοῦ
2634 5699 2869 5767 Πατρός
2898 5700 3115 5768 μόνου,
3148 5699 3243 5751 καὶ
3280 5694 3457 5762 αὖθις,
3489 5697 3555 5751 ἐκ
3585 5696 3690 5749 τοῦ

2118 5790 2352 5860 Πατρός
2385 5790 2484 5846 διὰ
2515 5791 2625 5846 τοῦ
2666 5792 2807 5847 Tim?
2838 5792 3272 5861 ἐκπορεύεσθαι
3316 5791 3382 5847 τό
3430 5790 3686 5860 Πνεῦμα,

2118 5884 2230 5939 οὔθ’
2253 5884 2486 5952 ἑαυτῶν,
2514 5884 2639 5940 οὕτε
2666 5886 2777 5940 τῶν
2803 5886 2978 5955 λόγων
3005 5884 3409 5955 αἰσθανόμενοι,
3431 5882 3554 5936 οὔτε
3577 5882 3683 5935 τίσι
