4070 6478
480 438 639 508 1229'
1500 444 2003 506 PHILOTIIEUS
2063 443 2700 510 SELYMBRIENSIS.
3594 403 3731 512 ιεδο

478 558 822 626 διαὶέγονται
861 557 1276 622 κατανοοῦντεςῐ
1321 558 1572 629 Ἀνδράσι
1603 558 1713 628 γὰρ
1736 557 1915 624 λόγων
1944 561 2051 626 ήμ-
2081 603 2085 614 ,

2154 560 2586 629 imprudeutium
2647 559 2929 616 audaciam
2999 557 3262 625 refrenet,
3319 555 3449 612 dum
3504 571 3606 614 nos
3672 570 3730 615 et

484 649 689 718 μένοις,
716 648 812 700 καὶ
845 649 1028 729 κρίσει
1063 649 1171 703 τῶν
1202 650 1377 717 λόγων
1411 648 1632 717 ἀκριϐεῖ
1660 649 1755 702 ἐπὶ
1784 648 1845 702 τὸ
1876 647 2055 701 ταῦτα

2159 661 2399 707 nostram
2433 650 2592 704 fidem
2626 650 2889 706 conviciis
2921 648 3309 720 proscindunt,
3360 648 3525 703 siculi
3571 649 3728 714 mihi,

482 738 762 794 πιστεύειν
794 739 1042 810 ἥκουσιν.
1080 740 1224 792 Ἀλλ’
1242 742 1392 807 ὅμως
1417 740 1572 794 οὐδὲν
1598 740 1924 794 ἀναστέλλει
1955 740 2056 808 τὴν

2158 758 2192 796 o
2221 743 2322 797 viri
2353 743 2666 806 Cretenses,
2723 742 2976 812 permulti
3035 743 3178 796 inter
3223 756 3323 797 vos
3354 742 3733 802 innotescunt.

480 829 593 885 τῶν
615 832 828 885 πολλῶν
850 831 944 887 καὶ
969 833 1244 887 ἀσυνέτων
1265 833 1472 904 τόλμην
1495 832 1682 897 κακῶς
1706 826 1891 901 λέγειν
1911 835 2058 903 ἡμᾶς

2159 835 2248 903 qui
2289 835 2517 905 singulis
2561 835 2754 889 diebus
2805 849 2927 889 mea
2974 834 3340 898 insectantur,
3393 848 3576 902 neque
3612 833 3734 886 ani-

478 923 581 975 .καὶ
613 926 715 993 τὴν
749 923 951 986 πίστιν,
974 924 1048 986 ὡς
1078 926 1292 994 ἔμοιγε,
1335 920 1381 979 ὧ
1427 926 1618 995 ἄνδρες
1656 928 1891 997 Κρῆτες,
1926 927 2058 981 πολ-

2161 943 2309 983 mum
2368 944 2547 983 meum
2594 936 2746 982 recte
2774 926 3131 996 accipientes,
3162 939 3272 996 quo
3318 939 3440 981 cum
3482 939 3602 979 mea
3636 939 3734 977 na.

487 1013 569 1066 λοί
598 1014 740 1068 είσιν
774 1015 833 1068 ὲν
883 1016 1016 1086 ὑμῖν
1067 1017 1244 1087 δῆλοι,
1273 1018 1323 1072 οἳ
1373 1016 1501 1070 καθ’
1549 1020 1792 1089 ἑκάστην
1845 1006 2060 1090 ἡμέραν

2166 1022 2312 1076 tione
2371 1035 2555 1075 amore
2586 1019 2890 1086 devincior,
2944 1032 3123 1088 neque
3178 1032 3489 1080 sermones,
3526 1016 3741 1071 dicatur

490 1106 800 1160 διατελοῦσι
827 1109 977 1178 τάμὰ
1006 1109 1380 1181 διασύροντες,
1410 1109 1536 1163 οὔτε
1561 1110 1663 1181 τὴν
1689 1111 1830 1182 ἂμὴν
1861 1112 2060 1177 είδιῂες

2165 1111 2435 1183 siquidem
2467 1127 2589 1166 cum
2642 1110 2775 1175 Deo,
2829 1110 3030 1180 quibus
3081 1108 3125 1165 si
3173 1109 3305 1178 quid
3359 1107 3601 1163 validum
3648 1114 3742 1160 aut

489 1198 739 1267 γνώμην,
782 1193 815 1273 ᾖ
865 1200 1006 1267 φιλῶ
1037 1203 1164 1265 τοὺς
1197 1202 1503 1272 ὁμογενεῖς,
1533 1202 1658 1256 οὔτε
1689 1203 1818 1265 τοὺς
1847 1202 2060 1270 λόγους,

2164 1205 2286 1259 leve
2360 1212 2414 1258 et
2471 1203 2652 1259 debile
2740 1203 2884 1258 inter
2944 1201 3337 1257 disserendum
3415 1198 3741 1263 occurrerit,

491 1291 733 1360 εὲρήσοω
767 1294 822 1345 δὲ
853 1295 951 1347 σὺν
981 1293 1123 1364 Θεῷ,
1165 1289 1245 1356 οἷς
1278 1294 1332 1347 τί
1361 1312 1423 1347 τε
1472 1296 1696 1365 ἰσχυρὸν
1742 1298 1836 1350 καὶ
1865 1298 1920 1350 τί
1970 1313 2064 1350 σα-

2164 1313 2384 1370 possum
2435 1298 2761 1367 diiudicare.
2794 1296 2951 1363 Quod
3013 1296 3063 1352 si
3120 1297 3335 1364 eiurato
3389 1307 3576 1348 errore
3633 1306 3746 1347 ser-

491 1381 619 1450 θρὸν
647 1384 705 1437 ἐν
735 1387 849 1448 τοῖς
881 1386 1199 1458 λεγομένοις
1228 1388 1465 1459 δύναμαι
1492 1391 1715 1459 γνῶναι.
1742 1391 1877 1445 Είμδ’
1903 1392 2067 1461 ἀφέν-

2167 1409 2359 1449 mones
2381 1409 2535 1449 meos
2563 1392 2896 1455 audiverim,
2930 1407 3014 1446 na:
3067 1391 3143 1444 illi
3198 1390 3357 1461 plane
3389 1395 3741 1459 COgnoscent,

490 1491 582 1536 τες
611 1475 714 1546 τὴν
742 1477 951 1547 πλάνην
984 1479 1316 1546 ἀκούσονται
1348 1482 1455 1535 τῶν
1482 1482 1631 1553 ὲμῶν
1661 1483 1862 1550 λόγων,
1890 1484 2066 1538 εῐσον-

2168 1502 2255 1541 me
2290 1485 2420 1539 nulli
2455 1500 2679 1555 prorsus
2718 1482 3025 1546 inimicum,
3074 1480 3169 1537 sed
3202 1478 3577 1534 tantummodo
3599 1476 3744 1531 veri-

491 1583 605 1631 ται,
630 1567 901 1638 ὡςέγωφ
929 1571 1124 1641 ἐχθρὸς
1171 1574 1273 1643 μὲν
1305 1573 1505 1641 οὐδενὶ,
1537 1576 1689 1645 φίλος
1715 1576 1770 1630 δὲ
1804 1577 1966 1647 μόνον
1998 1581 2064 1648 τῇ

2171 1579 2298 1632 tatis
2353 1577 2593 1632 amicum
2651 1592 2794 1641 esse,
2851 1590 3011 1645 quam
3065 1571 3311 1627 nonnulli
3361 1580 3748 1643 oppugnantes

491 1659 762 1731 εὐσεϐείᾳ,
893 1679 1040 1727 τινες
1089 1664 1456 1734 πολεμοῦντες
1511 1668 1825 1735 ἐμπιπλῶσι
1885 1670 2068 1740 μάχης

2173 1680 2444 1726 terrarum
2508 1669 2696 1723 orbem
2753 1667 3081 1722 universum
3138 1662 3326 1718 litibus
3387 1660 3636 1732 implent,
3695 1668 3750 1714 et

489 1750 593 1819 τὴν
624 1752 954 1825 οἰκουμένην
1006 1756 1101 1808 καὶ
1162 1757 1464 1826 σχίσματος
1520 1758 1857 1827 ἐπισφαλοῦς
1901 1761 2070 1815 πᾶσιν

2171 1762 2481 1818 schismatis
2536 1760 2823 1830 periculosi
2886 1741 3203 1812 nationibus
3269 1754 3525 1809 omnibus
3578 1767 3746 1806 causa

492 1842 696 1899 ἔθνεσι.
718 1845 861 1909 Τοὺς
887 1848 1169 1933 τοιούτρυς
1200 1850 1333 1918 ἐγὼ,
1355 1843 1401 1904 ὦ
1418 1850 1618 1922 ¹ἄνδρες
1649 1852 1893 1922 Κρῆτες,
1915 1848 2069 1922 οἶμαι

2173 1865 2321 1911 sunt.
2367 1854 2475 1907 llos
2503 1866 2624 1924 ego,
2658 1866 2690 1905 ο
2721 1850 2820 1905 viri
2849 1850 3166 1914 Cretenses,
3205 1862 3327 1901 cum
3350 1860 3535 1900 amore
3564 1844 3750 1922 redar-

492 1936 603 1988 δεῖν
631 1937 750 2006 μετ’
792 1939 1018 2010 ἀγάπης
1043 1922 1310 2012 ἐλέγχειν,
1342 1943 1597 2014 δεόμενος
1630 1945 1806 2017 αρτῶν
1835 1946 2071 2016 ἀποσχέ-

2140 1927 2143 1943 ’
2173 1946 2421 2019 guendos
2457 1961 2580 2001 esse
2610 1960 2754 2009 reor,
2788 1958 3023 1999 exorans
3053 1952 3110 1997 ut
3150 1955 3398 1994 errorem
3445 1937 3747 2007 deponant,

497 2025 624 2080 σθαι
657 2030 756 2098 τῆς
792 2030 1027 2102 πλάνης,
1064 2036 1157 2088 καὶ
1210 2038 1308 2103 τῆς
1353 2037 1505 2105 σφῶν
1543 2039 1819 2109 σωτηρίας
1851 2039 2070 2094 ἀντιλα-

2172 2039 2512 2109 propriaeque
2543 2036 2736 2092 salutis
2758 2050 2945 2089 curam
3001 2034 3278 2088 habeant:
3312 2020 3472 2101 quos,
3514 2030 3557 2085 si
3593 2027 3750 2083 audi-

494 2119 710 2186 δέσθαι,
743 2114 820 2175 ὧν
845 2124 973 2188 τοὺς
1001 2124 1104 2194 μὲν
1146 2126 1511 2198 πειθομένους
1545 2128 1831 2198 θαυμάζω,
1860 2132 1988 2194 τοὺς
2024 2131 2070 2185 δ’

2172 2130 2374 2194 verint,
2407 2128 2588 2194 laudo,
2621 2128 2667 2182 si
2695 2136 2887 2181 contra
2918 2139 3040 2180 sese
3069 2121 3452 2193 Opposuerint,
3482 2119 3750 2175 obediens

498 2212 930 2283 ἀνθισταμένους
963 2218 1367 2288 παραιτοῦμαι,
1401 2220 1492 2291 ¹τῷ
1548 2220 1860 2292 Ἀποστόλῳ
1890 2222 2073 2277 πειθό⁴

2175 2222 2435 2293 Apostolo
2463 2220 2668 2276 devito.
2701 2217 3065 2287 Percuperem
3106 2231 3233 2270 vero
3280 2228 3395 2277 vos,
3448 2211 3748 2276 auditores,

500 2320 680 2373 μενος.
717 2306 1022 2378 Βουλοίμην
1051 2309 1095 2362 δ’
1124 2309 1190 2363 ἂν
1221 2312 1371 2381 ἡμᾶς
1398 2313 1524 2374 τοὺς
1552 2314 1939 2384 ἀκροωμένους
1963 2314 2072 2368 τῶν

2174 2332 2239 2372 ex
2274 2331 2464 2370 eorum
2522 2328 2752 2368 numero
2787 2328 2935 2377 esse,
2973 2311 3065 2382 qui
3101 2310 3277 2379 primo
3330 2307 3452 2362 loco
3500 2302 3749 2360 collocati

499 2399 785 2467 προτέρων
813 2398 976 2455 εἶναι.
1014 2401 1251 2473 Ἀνδρῶν
1282 2404 1395 2477 γὰρ
1421 2404 1487 2458 ἂν
1515 2406 1759 2462 συνετῶν
1787 2407 2073 2478 ἐποιήσατ’

2177 2418 2306 2463 sunt
2341 2424 2354 2462 :
2387 2407 2468 2462 sic
2499 2406 2646 2460 enim
2677 2405 2919 2459 virorum
2975 2402 3325 2473 prudentium
3361 2398 3574 2453 facinus
3601 2410 3751 2450 com-

499 2490 680 2558 ἔργον,
714 2492 1162 2564 διαλλαττόμενοι
1211 2499 1275 2567 τῇ
1326 2497 1580 2569 ἀληθείᾳ,
1615 2499 1710 2552 καὶ
1765 2499 1844 2570 τῷ
1899 2498 2075 2571 λοιπῷ

2178 2498 2509 2563 mitteretis,
2579 2496 2796 2552 veritati
2867 2494 3226 2558 reconciliati,
3284 2500 3339 2547 et
3388 2491 3598 2559 reliquo
3653 2489 3756 2541 Ec-

503 2580 719 2650 σὼματι
744 2582 848 2651 τῆς
887 2583 1213 2655 Ἐκκλησίας
1242 2586 1318 2649 ὡς
1357 2586 1494 2655 μέλη
1530 2587 1876 2658 διαιρεθέντα
1913 2605 2077 2642 συνα-

2179 2594 2365 2648 clesiae
2419 2590 2636 2661 corpori
2691 2589 2771 2644 uti
2839 2587 3086 2643 membra
3145 2580 3416 2656 separata
3452 2581 3751 2654 conjuncti.

502 2674 783 2743 πτὸμενοι.
814 2675 936 2729 Τότ⁸
977 2675 1170 2744 ἔγνωτ’
1200 2678 1289 2743 ἂν,
1333 2678 1411 2742 ὡς
1455 2679 1619 2749 ἔγωγ’
1665 2681 1796 2751 ὑμῖν
1841 2681 2077 2752 χρηστὸς

2181 2685 2320 2739 Tum
2344 2684 2597 2754 equidem
2632 2681 2999 2754 agnosceretis
3036 2694 3123 2733 me
3171 2694 3260 2733 res
3284 2676 3522 2747 optimas
3551 2689 3750 2730 consu-

506 2765 835 2834 σύμϐουλος,
868 2770 965 2823 καὶ
1014 2770 1123 2823 τῶν
1170 2770 1333 2841 ἱερῶν
1384 2771 1561 2841 λόγων
1610 2773 1711 2842 τῆς
1742 2773 1981 2837 πίστεως
2011 2776 2078 2845 τῇ

2182 2777 2312 2843 lere,
2368 2776 2607 2846 lideique
2663 2789 2850 2831 sacros
2899 2788 3184 2828 sermones
3232 2786 3342 2825 non
3403 2769 3609 2838 absque
3662 2765 3756 2820 Dei

446 2884 455 2889 ι
504 2856 599 2910 τοῦ
630 2857 766 2911 Θεοῦ
804 2860 991 2931 χάριτι
1023 2861 1216 2925 πιστὸς
1247 2863 1557 2934 οἰκονόμος,
1585 2863 1764 2918 οὐδενὶ
1801 2865 1900 2935 μὲν
1934 2867 2053 2919 οὐδε

2183 2870 2353 2942 gratia
2396 2868 2629 2923 ﬁdeliter
2661 2867 3019 2938 pertractare,
3065 2864 3199 2919 nulli
3244 2878 3440 2917 noxam
3498 2860 3753 2922 all'erens,

505 2952 595 3016 νὸς
629 2951 802 3005 κακοῦ
835 2954 1116 3022 πρόξενος,
1151 2957 1425 3027 σωτηρίας
1449 2956 1503 3011 δὲ
1533 2957 1779 3025 αἰωνίου,
1807 2960 1855 3011 εί
1885 2959 1978 3011 καὶ
2006 2957 2081 3028 μὴ

2185 2961 2279 3015 sed
2341 2960 2573 3015 salutem
2637 2958 3068 3029 sempiternam,
3133 2955 3235 3011 etsi
3294 2970 3404 3008 non
3465 2949 3757 3005 admodum

508 3044 728 3114 θερμῶς
765 3044 858 3097 καὶ
903 3044 1093 3113 ἀξίως,
1127 3047 1602 3119 ἀντιποιούμενος,
1631 3051 1726 3103 καὶ
1755 3051 1870 3113 τοῖς
1898 3050 2082 3114 ἄλλοις

2185 3052 2359 3108 calide
2388 3052 2682 3123 digneque,
2714 3064 3036 3121 procurans,
3076 3057 3131 3104 et
3164 3048 3287 3102 aliis
3320 3048 3374 3100 in
3404 3044 3624 3100 Christo
3652 3043 3763 3097 fra-

507 3139 566 3189 ιν
625 3136 849 3208 Χριστῷ
884 3136 1162 3208 ἀδελφοῖς,
1193 3138 1341 3202 ὅπως
1393 3139 1605 3193 ἐκείνου
1652 3127 1934 3205 τεύξονται
1983 3139 2081 3195 τοῦ

2190 3145 2385 3210 tribus,
2438 3153 2497 3197 ut
2555 3143 2757 3198 bonum
2803 3142 2934 3195 illud
3004 3139 3265 3213 consequi
3348 3137 3600 3208 possint,
3640 3151 3764 3205 pcr-

509 3227 677 3281 καλοῦ
713 3228 1133 3300 ὑποτιθέμενος,
1169 3228 1230 3283 οῦ
1276 3234 1568 3301 μετασχεῖν
1603 3233 1751 3303 ἡμᾶς
1769 3233 1981 3300 γένοιτο
2009 3236 2076 3306 τῇ
2106 3253 2116 3302 ε

2181 3235 2535 3290 accommoda
2597 3248 2919 3304 suggerens,
2955 3232 3113 3302 cujus
3161 3229 3456 3301 participes
3503 3243 3608 3283 nos
3644 3225 3760 3282 ﬁeri

509 3321 605 3374 τοῦ
637 3321 877 3391 Χριστοῦ
908 3322 1113 3395 χάριτι,
1138 3315 1183 3393 ᾧ
1207 3324 1337 3389 δόξα
1366 3323 1592 3395 πρέπει.
1638 3325 1835 3395 Ἀμήν.

2182 3325 2380 3381 Christi
2418 3324 2588 3397 gratia
2637 3324 2926 3390 concedat,
2963 3324 3049 3379 cui
3089 3323 3262 3395 gloria
3307 3323 3487 3378 decet.
3527 3323 3725 3375 Amen.

524 3488 808 3510 --..
874 3488 3753 3532 AW.
3010 3523 3752 3532 __________

2757 3521 2911 3534 -_———~

1875 3663 2128 3709 suasum
2168 3664 2279 3710 xiv
2321 3647 2395 3730 (τ)

606 3824 1336 3995 ΡΗΙΕΟΤΗΕΙ
1460 3827 2213 3997 SELYMBRIE

2072 3829 2525 3998 tlENSIS
2657 3829 3679 4001 ARCHIEPISCOPI

1940 4120 2326 4201 ORATIO
2880 4204 2883 4207 .

1050 4329 1248 4443 'lN
1344 4326 2026 4447 SANCTUM
2100 4305 3153 4447 AGATHONICUM

1680 4556 1915 4620 (Codices
1937 4557 2101 4611 Graeci
2128 4558 2364 4624 Noniani,
2389 4575 2440 4625 p.
2465 4561 2604 4624 551.)

593 4856 716 4911 Τῶν
761 4852 930 4907 πάλαι
966 4849 1150 4919 σοφῶν
1199 4850 1296 4903 καὶ
1339 4847 1586 4919 ρητόρων
1612 4849 1711 4918 τῆς
1748 4846 2093 4919 Ἐκκλησίας
2128 4852 2175 4911 ι)

2167 4862 2175 4902 l
2274 4849 2424 4905 Inter
2451 4846 2710 4919 antiquos
2750 4847 3106 4918 philosophos
3143 4856 3199 4900 et
3235 4842 3497 4898 Ecclesia:
3525 4849 3774 4897 oratores

522 4952 616 5005 καὶ
645 4950 831 5016 ἄκρων
864 4946 925 4998 ἐν
951 4943 1135 5012 λόγοις
1164 4941 1395 5012 μηδενός
1420 4958 1509 4994 πω
1537 4941 1730 4993 ἑαυτὸν
1765 4940 1873 4993 οὐδ’
1909 4942 2095 4994 ὁπωσ-

2194 4943 2438 5013 aliosque
2519 4941 2738 4997 dicendi
2792 4940 3025 5011 peritos,
3091 4939 3275 4993 nullus
3316 4938 3377 4995 in
3425 4936 3775 4993 sermonibus

520 5045 671 5099 τιοῦν
714 5039 1080 5099 ἐκδεδωκότος
1140 5034 1591 5104 διεξοδικώτερον
1641 5036 1696 5096 ἐς
1747 5033 1944 5101 λόγους
1995 5035 2090 5088 καὶ

2197 5045 2292 5091 aut
2345 5034 2741 5091 certaminibus
2797 5032 2994 5089 fortior
3027 5033 3262 5095 exstitit,
3313 5038 3580 5086 coronato
3627 5044 3777 5082 mar-

521 5137 885 5207 ἀγωνίσματα
919 5130 1013 5185 τοῦ
1044 5130 1369 5195 στεφανίτου
1395 5127 1675 5199 μάρτυρος
1710 5126 2095 5194 Ἀγαθονίκου,

2200 5138 2315 5200 tyre
2350 5127 2718 5199 Agatlionico;
2775 5127 2872 5182 sed
2921 5125 3059 5200 dum.
3106 5124 3289 5180 caeteri
3339 5138 3428 5179 res
3469 5132 3772 5177 memoratu

525 5228 830 5299 φιλοτίμως
856 5225 991 5298 ὁμοῦ
1018 5223 1114 5278 καὶ
1151 5222 1615 5294 μεγαλοπρεπῶς,
1658 5221 1794 5274 ἀλλὰ
1829 5224 1953 5291 σιγῇ
1989 5237 2097 5275 πα-

2202 5222 2396 5293 dignas
2428 5222 2537 5277 huc
2572 5234 2748 5290 usque
2786 5220 3018 5307 {silentio
3069 5220 3476 5288 praeterierunt,
3517 5229 3619 5284 ego
3656 5214 3774 5268 illas

527 5320 916 5391 ραδραμόντων
948 5317 1016 5371 τὰ
1058 5316 1286 5387 μνήμης
1317 5316 1413 5370 καὶ
1464 5313 1746 5382 θαύματος
1775 5312 1902 5380 ἀξια
1934 5314 2100 5384 μέχρι

2199 5315 2580 5371 celebraturus
2628 5313 2844 5368 adsum.
2885 5311 3001 5368 Etsi
3042 5325 3131 5365 me
3183 5324 3373 5381 parum
3421 5311 3772 5379 eloquentem

524 5415 621 5483 τῆς
646 5412 829 5483 δεῦρο,
859 5411 981 5481 ἥκω
1023 5407 1120 5462 τοῦ
1164 5409 1351 5476 λέγειν
1400 5405 1585 5472 αὐτὸς,
1608 5406 1660 5458 εί
1693 5407 1789 5461 καὶ
1830 5404 1930 5474 τὴν
1960 5407 2099 5476 ἐμὴν

2200 5423 2305 5463 nec
2343 5408 2494 5463 hisce
2559 5407 2722 5461 rebus
2773 5403 3021 5460 dicendis
3060 5413 3273 5473 aptum,
3319 5403 3436 5455 imo
3472 5399 3629 5453 valde
3678 5398 3777 5452 im-

526 5508 655 5574 περὶ
696 5504 888 5570 λόγους
948 5502 1105 5571 ἰσχὺν
1142 5496 1263 5554 οἶδα
1309 5498 1499 5568 σαφῶς
1527 5499 1695 5566 ἐγγὺς
1723 5497 1908 5551 ἰοῦσαν
1929 5517 1943 5529 ·
1975 5498 2093 5551 οὐδὲ

2204 5513 2389 5569 parem
2417 5497 2588 5568 probe
2618 5496 2901 5559 noverim;
2945 5494 3128 5549 nullus
3174 5507 3307 5547 vero
3334 5492 3626 5553 intervos,
3681 5506 3777 5543 auc

528 5593 756 5664 μετρίας
799 5593 901 5662 τῆς
949 5592 1134 5658 ἀξίας,
1171 5590 1309 5644 ἀλλὰ
1357 5587 1542 5660 πολλῷ
1571 5589 1647 5656 τῷ
1682 5590 1867 5659 μέτρῳ
1906 5588 2098 5658 πόρῤω

2229 5589 2427 5654 litorea,
2465 5588 2630 5658 hujus
2665 5587 2932 5657 prepositi
2964 5585 3331 5641 temeritatem
3372 5581 3774 5645 criminabitur,
3825 5624 3836 5633 .

531 5701 655 5738 που.
690 5683 898 5752 Μηδεὶς
938 5682 985 5735 δ’
1019 5682 1174 5752 ὑμῶν
1200 5681 1562 5752 προπέτειαν,
1592 5675 1639 5735 ὧ
1670 5681 1964 5751 παρόντες,
1997 5697 2100 5734 κα·-

2204 5681 2333 5736 licet
2364 5682 2519 5736 labor
2546 5681 2618 5736 sit
2646 5695 2915 5735 onerosus
2947 5688 3000 5733 et
3033 5670 3279 5747 perfectu
3309 5674 3543 5729 diﬂicilis
3578 5693 3592 5730 :
3630 5674 3775 5744 quod

422 5822 427 5825 Α
527 5777 713 5845 ταγνῷ
741 5777 835 5831 τοῦ
865 5776 1138 5846 παρόντος
1185 5778 1614 5847 ἐγχειρήματος,
1648 5777 1697 5828 εί
1723 5774 1819 5828 καὶ
1849 5773 2027 5845 mea

2207 5774 2263 5842 si.
2287 5775 2452 5852 igitur
2475 5789 2586 5831 non
2613 5789 2769 5830 vana;
2802 5773 2987 5842 gloriae
3021 5771 3347 5840 cupiditate,
3398 5784 3501 5824 nec
3527 5768 3780 5839 volupta-

528 5871 557 5922 ὁ
584 5869 742 5938 λόγος
765 5871 860 5924 καὶ
884 5869 1120 5942 χαλεπὸς
1150 5869 1468 5939 διενεγκεῖν.
1502 5869 1658 5922 Ἐπεὶ
1683 5866 1781 5923 οὖν
1806 5868 1904 5937 οὐχ
1932 5866 2100 5922 ἕνεκα

2208 5877 2319 5923 tem
2370 5867 2606 5938 aliquam
2662 5866 2794 5921 inde
2832 5876 3115 5935 capturus,
3154 5864 3253 5920 sed
3283 5866 3356 5920 ob
3385 5863 3769 5924 necessitatem
