4070 6512
336 434 477 497 ιίΞῖῙ
1436 431 1860 493 PillLOTi-IEI
1907 431 1919 486 Ξ

2023 421 2524 487 LYMBRIENSIS
3455 409 3592 474 1:39.

345 564 410 602 ac
438 546 641 603 civium
696 546 1137 604 adhortationem
1190 547 1422 617 huiusce
1474 548 1713 602 civitatis
1770 544 1919 616 Selys

2029 541 2370 611 φιλοτιμίας,
2402 537 2525 593 οὐδέ
2554 552 2617 605 γε
2650 534 2786 604 πρὸς
2821 529 3034 602 ἡδονὴν,
3083 527 3223 582 ἀλλὰ
3251 524 3321 580 δι’
3345 523 3591 617 ἀνάγκην

345 640 595 697 dicturus
626 641 783 695 venio
814 657 831 695 :
867 641 1033 710 hujus
1072 641 1325 713 martyris
1355 641 1651 709 patrocinio
1678 639 1781 704 fisi,
1807 638 1919 709 jam

2024 637 2123 689 καὶ
2150 632 2503 703 παράκλησιν
2525 628 2638 683 τῶν
2665 625 2972 695 οίκητόρων
3001 621 3101 691 τῆς
3131 621 3339 679 πόλεως
3357 615 3586 683 ταυτησὶ

345 746 506 788 aures
556 731 820 801 praebete.
880 730 1091 785 Revera
1125 731 1169 786 si
1207 711 1276 786 de
1308 732 1417 785 alio
1456 730 1690 801 quodam
1738 746 1919 785 sermo

2023 724 2115 779 τοῦ
2155 724 2355 794 Σηλυος
2386 722 2556 786 λέξων
2600 717 2847 790 ἐλήλυθα
2868 732 2885 750 ο
2921 713 3241 785 θαρῤόντως
3272 713 3337 778 τῇ
3366 711 3591 801 ἐπικου-

349 796 666 886 Ιιεδεινοιιιῗ,
722 824 1112 893 vituperationi
1156 839 1221 879 ac
1268 796 1640 894 reprobatiuni
1690 822 1919 878 forsitan

2023 819 2117 890 ρίᾳ
2139 815 2292 870 τοῦδε
2323 814 2421 868 τοῦ
2455 812 2759 884 μάρτυρος,
2787 807 3060 862 ἀκούσατε
3119 804 3240 874 ἠδη.
3277 800 3339 853 Ei
3369 799 3466 894 μὲν
3498 796 3590 894 οὖν

1436 431 1860 515 ΡιιιιΟΤι-ιει
1907 421 2524 489 SELYMBRIENSIS

344 914 497 969 locus
530 924 711 981 esset;
745 931 866 970 cum
895 925 1080 972 autem
1107 917 1176 980 de
1204 917 1465 987 praeclare
1511 916 1670 973 factis
1714 916 1917 989 agitur,

344 1020 439 1060 vos
471 1019 690 1078 quoque
715 1023 926 1064 mecum
953 1008 1211 1064 coliaztari
1241 1023 1460 1079 aequum
1492 1018 1601 1065 est.

2030 910 2159 980 περὶ
2208 908 2370 964 ἄλλου
2425 924 2518 968 του
2575 905 2604 958 ὁ
2660 903 2818 969 λόγος
2872 897 2962 972 ἦν.
2995 898 3099 952 ὑπὸ
3134 892 3468 963 κατηγορίαν
3495 890 3590 941 καὶ

1985 1061 2013 1088 θ
2036 998 2267 1070 μέμψιν,
2304 998 2434 1060 ἴσως
2487 996 2737 1049 ὲτίλουν·
2772 994 2896 1046 ἐπεὶ
2945 990 3002 1045 δὲ
3034 989 3174 1056 ὑπὲρ
3201 984 3461 1055 γενναίων
3493 997 3592 1087 κα-

2028 1093 2419 1165 τορθωμάτων,
2455 1089 2660 1160 μᾶλλον
2685 1088 2805 1141 δέον
2843 1079 3176 1155 συνησθῆναί
3200 1095 3260 1131 τε
3287 1078 3380 1130 καὶ
3409 1071 3593 1129 συνεύ-

2029 1184 2221 1251 ξασθαί
2244 1202 2335 1256 μοι
2370 1185 2464 1239 καὶ
2496 1183 2677 1254 ὑμεῖς.

1752 1299 1821 1354 Et
1864 1302 2023 1370 paulo
2057 1309 2193 1368 post.

408 1437 528 1494 Jam
561 1453 692 1493 vero
743 1440 843 1495 has
907 1441 1097 1498 laudes
1153 1444 1479 1512 celebranti,
1527 1447 1717 1516 patrize
1766 1448 1917 1517 prius

342 1532 658 1587 meminisse
688 1534 970 1600 convenit,
1008 1550 1079 1589 ne
1112 1534 1230 1604 ipse
1268 1538 1419 1591 solus
1441 1538 1651 1592 caneris
1675 1536 1914 1609 ignotam

341 1636 392 1678 ρι
412 1626 645 1681 alienam
667 1626 810 1682 viam
841 1612 1175 1698 ingrediens,
1204 1644 1403 1683 novum
1428 1629 1663 1700 aliquem
1691 1629 1912 1684 modum

340 1720 690 1789 introducere
725 1719 933 1777 videar.
968 1722 1104 1777 Cum
1136 1732 1321 1779 autem
1363 1723 1484 1778 duae
1508 1722 1757 1778 civitates
1789 1738 1912 1777 eum

2101 1447 2241 1516 Ἤδη
2283 1447 2340 1500 δέ
2373 1464 2464 1515 μοι
2493 1444 2629 1516 πρὸς
2650 1443 2820 1513 αὐτὴν
2850 1444 2983 1496 ἰόντι
3019 1442 3119 1511 τὴν
3145 1441 3446 1509 εὐφημίαν,
3478 1455 3589 1493 πα-

2024 1539 2204 1612 τρίδος
2229 1535 2382 1610 οἶμαι
2401 1540 2513 1593 δεῖν
2542 1539 2649 1611 πρὸ
2685 1537 2792 1591 τῶν
2825 1537 3002 1591 ἄλλων
3051 1534 3387 1605 μεμνῆσθαι,
3421 1533 3495 1596 ὡς
3523 1532 3593 1586 ἂν

2029 1633 2105 1704 μὴ
2146 1633 2309 1702 μόνος
2346 1629 2458 1697 ἐγὼ
2498 1630 2608 1683 τῶν
2635 1629 2811 1685 ἄλλων
2842 1629 2998 1698 ξένην
3032 1628 3125 1679 καὶ
3154 1627 3441 1693 ἀλλοτρίαν
3472 1625 3591 1678 ὁδὸν

2026 1725 2316 1796 βαδιοῦμαι
2338 1766 2353 1791 ,
2377 1724 2515 1794 μηδὲ
2542 1722 2728 1777 καινόν
2754 1738 2876 1775 τινα
2905 1722 3108 1789 τρόπον
3129 1720 3406 1789 εἰσφέρειν
3432 1717 3588 1781 δόξω.

343 1810 754 1877 revindicarint,
788 1826 894 1865 una
920 1827 1041 1881 qua:
1065 1814 1241 1880 ipsum
1268 1814 1453 1883 genuit
1478 1823 1532 1867 et
1556 1812 1713 1874 aluit.
1747 1814 1917 1869 altera

2036 1818 2192 1871 Ἐπεὶ
2228 1817 2284 1869 δὲ
2313 1816 2408 1870 δύο
2424 1814 2614 1878 πόλεις
2641 1814 2808 1866 αὐτὸν
2837 1811 3191 1884 ᾠκειώσαντο
3212 1851 3228 1874 ,
3265 1812 3298 1881 ἡ
3336 1812 3437 1880 μὲν
3466 1827 3590 1876 γεν-

338 1919 460 1971 qua:
508 1902 755 1974 martyrii
808 1905 1016 1973 palmas
1069 1920 1135 1959 ac
1181 1904 1467 1961 athleticas
1519 1919 1774 1961 coronas-
1814 1905 1916 1977 ipsi

341 1995 552 2073 texuit,
591 2003 647 2049 et
697 1996 750 2050 in
809 2011 916 2066 qua
970 1988 1191 2052 sacrum
1239 1998 1362 2068 ejus
1413 2008 1666 2053 servatur
1718 2010 1915 2069 caput,

340 2087 669 2143 miraculosa
708 2088 760 2143 vi
809 2102 1004 2143 omnes
1049 2091 1243 2145 morbo
1293 2091 1608 2147 laborantes
1669 2106 1874 2146 sanans
1901 2132 1915 2158 ,

339 2178 697 2248 imperatores
727 2180 977 2251 inquam,
1007 2178 1320 2252 prazfectos,
1357 2196 1467 2236 uno
1495 2181 1682 2247 verbo,
1716 2196 1918 2238 omnes

339 2272 430 2340 pio
474 2270 600 2326 fidei
641 2281 790 2327 motu
841 2273 947 2327 huc
987 2273 1314 2328 accedentes
1355 2290 1369 2327 :
1422 2274 1490 2329 de
1526 2274 1612 2330 his
1651 2273 1918 2332 mirandis

336 2381 403 2419 ac
434 2364 688 2421 maximis
718 2366 1055 2432 civitatibus,
1090 2366 1406 2422 Nicomedia
1432 2376 1489 2423 et
1518 2366 1665 2439 Sely,
1700 2383 1765 2423 ex
1791 2383 1918 2425 ora-

344 2457 479 2510 toria
513 2456 655 2526 lege,
694 2473 817 2525 ιιιιιε
847 2457 983 2528 ipsis
1008 2466 1101 2511 ant
1133 2458 1472 2525 communia,
1499 2467 1595 2514 aut
1620 2460 1919 2533 unicuique

338 2549 556 2618 propria
597 2557 724 2605 sunt
758 2548 993 2617 primum
1035 2549 1431 2604 edisseramus.

411 2730 523 2784 Etsi
575 2745 606 2785 a
651 2744 711 2785 se
766 2730 1003 2785 invicem
1059 2730 1194 2785 locis
1258 2739 1315 2786 et
1370 2729 1676 2787 intervallis
1740 2730 1901 2803 longe

336 2824 574 2886 distent,
632 2838 728 2879 eas
787 2833 940 2878 certe
998 2824 1256 2893 pulchras
1300 2832 1356 2878 et
1407 2824 1617 2895 amplas
1670 2838 1794 2880 esse
1834 2823 1915 2878 ci-

336 2919 534 2970 vﬂates
583 2931 797 2982 omnes,
854 2917 1042 2981 credo,
1092 2916 1342 2971 unanimi
1382 2930 1516 2970 voce
1575 2915 1916 2971 fatebuntur.

337 3006 469 3073 Quis
518 3006 666 3061 enim
722 3006 1095 3063 Nicomediam
1173 3022 1287 3062 non
1373 3007 1629 3073 noverit,
1703 3004 1947 3062 felicem'

338 3099 507 3168 ipsius
557 3099 744 3165 situm,
783 3101 1085 3169 jucundam
1141 3101 1408 3172 speciem,
1458 3101 1566 3156 alta
1616 3100 1820 3156 moenia
1863 3107 1919 3155 et

2024 1910 2236 1982 νήσασα
2264 1909 2360 1962 καὶ
2416 1905 2841 1977 ἀναθρεψαμένη
2860 1946 2876 1971 ,
2915 1906 2948 1974 ὴ
2969 1904 3027 1958 δὲ
3053 1905 3118 1956 τὰ
3147 1903 3461 1974 μαρτυρικὰ
3487 1920 3592 1956 πα-

2024 2003 2302 2073 λαίσματα
2340 1999 2437 2054 xai
2488 2001 2614 2062 τοὺς
2648 1996 2980 2059 πεντάθλους
3033 1996 3333 2064 στεφάνους
3382 1995 3590 2062 στεφά-

2025 2092 2248 2148 νώσασα
2269 2133 2284 2158 ,
2318 2094 2377 2146 ὲν
2416 2082 2451 2166 ἦ
2503 2091 2653 2162 καὶὴ
2684 2089 2804 2143 θεία
2833 2088 2979 2158 κάρα
3021 2087 3313 2141 ἀπόκειται
3341 2088 3590 2156 περιεῖσα

2025 2187 2119 2239 καὶ
2150 2185 2318 2238 πολλὰ
2347 2185 2415 2238 τά
2447 2184 2654 2252 ἰάματα
2683 2180 3046 2245 ὲπιτελοῦσα,
3079 2179 3217 2249 πρός
3250 2196 3310 2231 τε
3346 2178 3584 2247 βασιλεῖς

2026 2292 2171 2345 φημι
2193 2318 2208 2343 ,
2238 2279 2337 2333 καὶ
2361 2277 2632 2347 ἄρχοντας
2672 2272 2771 2328 καὶ
2802 2274 3013 2337 πάντας
3043 2272 3231 2336 ἁπλῶς
3261 2271 3386 2334 τοὺς
3410 2271 3592 2325 πίστει

2025 2368 2520 2440 προσερχομένους
2545 2367 2581 2438 ἦ
2609 2383 2668 2420 τε
2684 2364 3033 2437 Νικομήδους
3048 2365 3146 2418 καὶ
3168 2366 3201 2436 ἡ
3233 2364 3326 2418 τοῦ
3345 2364 3548 2434 Σήλυος
3571 2379 3587 2395 ⁵

2027 2462 2212 2525 πόλεις
2249 2457 2343 2515 οὖν
2374 2445 2535 2526 αὗται
2596 2459 2933 2530 θαυμασταὶ,
2971 2459 3065 2512 καὶ
3101 2456 3592 2532 πολυανθρωπότα-

2023 2566 2139 2604 τοιο
2172 2550 2315 2604 κατὰ
2345 2550 2436 2603 τὸν
2470 2550 2572 2619 τῆς
2603 2552 2904 2620 ῥητορικῆς
2953 2549 3117 2616 νόμον
3146 2549 3360 2620 πρῶτον
3391 2546 3590 2611 διεξέλ-

2027 2643 2213 2713 θωμεν
2233 2645 2331 2697 ὅσα
2360 2643 2507 2707 εἰκὸς
2532 2645 2686 2712 κοινῇ
2709 2659 2769 2695 τε
2798 2643 2894 2694 καὶ
2924 2642 3030 2711 ἰδίᾳ
3062 2642 3190 2710 περὶ
3211 2641 3360 2710 σφῶν
3387 2639 3587 2693 αὐτῶν.

2099 2735 2218 2790 Κᾶν
2251 2734 2347 2789 ἀπ’
2383 2735 2631 2805 ἀλλήλων
2679 2734 3004 2795 διῖστανται,
3031 2733 3217 2796 τόποις
3252 2733 3345 2786 καὶ
3375 2732 3591 2801 διαστή-

2030 2844 2162 2897 μασι
2200 2827 2379 2896 πολλῷ
2414 2826 2491 2897 τῷ
2526 2830 2736 2898 μέτρῳ,
2770 2828 2832 2880 τὸ
2884 2829 2984 2897 μὲν
3030 2827 3122 2880 οὖν
3176 2826 3350 2889 καλάς
3404 2843 3462 2879 τε
3495 2825 3591 2878 καὶ

2030 2917 2269 2987 μεγάλας
2301 2914 2439 2971 εἶναι
2466 2918 2565 2980 τὰς
2589 2918 2776 2983 πόλεις
2803 2918 3002 2982 πάντες
3027 2918 3094 2972 ἂν
3117 2913 3274 2987 οἶμαι
3299 2918 3589 2986 συμφαῖεν.

2025 3005 2122 3071 Τίς
2155 3011 2262 3079 γὰρ
2294 3005 2395 3061 οὐκ
2427 3003 2532 3061 οἶδε
2570 3008 2668 3079 τὴν
2701 3008 3064 3078 Νικομήδους,
3102 3009 3248 3070 ὅπως
3281 3007 3509 3077 φύσεως.
3526 3004 3591 3059 εὖ

2026 3098 2140 3171 ἔχει
2184 3102 2277 3156 καὶ
2317 3100 2520 3164 θέσεως
2559 3101 2653 3154 καὶ
2683 3102 2909 3170 τειχέων
2948 3100 3170 3169 ὑψηλῶν
3205 3116 3263 3153 τε
3305 3099 3398 3154 καὶ
3437 3100 3591 3170 στερ-

335 3192 657 3248 columnas?
687 3192 835 3248 Bene
886 3194 1049 3248 nobis
1078 3193 1302 3248 videtur
1354 3194 1422 3248 de
1450 3208 1514 3247 ea
1563 3192 1768 3246 dictum
1800 3207 1919 3247 esse

2026 3196 2157 3265 ρῶν,
2199 3194 2272 3258 ὡς
2300 3196 2497 3259 δοκεῖν,
2546 3194 2687 3246 κατὰ
2729 3192 2817 3245 τὸν
2851 3192 3022 3262 μῦθον
3066 3193 3173 3244 τῶν
3218 3190 3457 3255 ποιητῶν
3498 3189 3593 3242 τὸν

335 3286 480 3355 quod
540 3288 592 3339 in
638 3294 922 3356 pcetarum
975 3284 1174 3340 fabulis
1226 3286 1428 3355 legitur
1475 3285 1544 3340 de
1599 3283 1914 3338 Thebarum

338 3378 609 3433 moenibus
643 3377 711 3432 ad
744 3378 871 3446 lyrae
907 3392 969 3431 ac
996 3376 1236 3448 cytharaa
1285 3377 1537 3432 modulos
1576 3392 1606 3431 a
1647 3377 1919 3448 principio

337 3469 621 3525 fundatis:
663 3469 900 3539 teniplis,
939 3469 1172 3531 statuis,
1216 3468 1444 3523 theatris
1489 3477 1547 3524 et
1588 3469 1915 3538 porticibus,

338 3575 445 3615 uno
469 3560 656 3623 verbo,
681 3558 1064 3628 hujuscemodi
1090 3559 1514 3629 quibuscunque
1537 3544 1800 3612 c'xornata
1831 3572 1917 3612 re-

337 3650 527 3719 fulget.
564 3649 732 3703 Nemo
762 3658 848 3703 est
896 3658 1051 3702 extra
1106 3647 1411 3702 Herculeas
1462 3647 1773 3713 columnas,
1821 3646 1960 3716 qui-

312 3757 397 3805 ,ea
428 3756 538 3794 non
572 3739 736 3794 fando
762 3739 1077 3794 audiverit:
1113 3749 1222 3793 tam
1263 3748 1418 3810 grata
1452 3738 1660 3794 etenim
1689 3738 1919 3793 sortitur

335 3834 469 3888 anni
499 3843 769 3901 tempora,
820 3841 928 3887 tam
980 3831 1225 3887 secundo
1263 3830 1462 3886 fruitur
1501 3844 1631 3884 aere
1666 3838 1726 3883 ut
1768 3830 1916 3884 nulla

335 3926 549 3979 dicatur
574 3926 793 3992 pOliul‘;
838 3933 917 3979 tot
964 3924 1204 3994 denique
1244 3932 1300 3977 et
1346 3932 1455 3977 tam
1505 3921 1783 3993 praeclaris
1829 3935 1917 3977 re-

337 4021 552 4088 fulgens
608 4020 795 4085 rebus,
856 4018 1127 4073 honorum
1186 4018 1436 4071 omnium
1503 4019 1781 4087 particeps
1811 4025 1917 4081 est,

320 4122 388 4167 et
416 4128 608 4166 eorum
635 4129 756 4182 qua:
782 4110 999 4168 caeteris
1019 4111 1155 4164 dura
1176 4109 1434 4164 accidunt
1456 4108 1612 4179 quasi
1643 4125 1670 4163 a
1701 4124 1758 4164 se
1787 4109 1917 4164 alie-

322 4221 531 4259 norum
561 4220 757 4274 expers
783 4223 796 4260 :
832 4205 927 4259 sed
951 4203 1055 4258 etsi
1083 4203 1246 4257 rebus
1272 4202 1684 4269 iucundissimis
1713 4205 1915 4273 privata

336 4299 497 4364 foret,
524 4314 629 4353 non
654 4297 949 4352 admodum
977 4296 1333 4367 allligeretur.
1359 4296 1562 4368 quippe
1582 4312 1704 4367 quae
1727 4312 1835 4351 non
1861 4298 1915 4351 in

336 4392 457 4448 istis
491 4391 809 4446 felicitatem
845 4390 1007 4445 sitam
1047 4404 1170 4444 esse
1217 4389 1515 4445 existimet.
1569 4388 1684 4444 Hoc
1733 4400 1915 4444 autem

338 4486 511 4556 magis
532 4492 709 4549 curat,
732 4482 1059 4559 Agathuniri
1082 4482 1293 4537 scilicet
1315 4492 1752 4549 ca'terorumqne
1774 4496 1921 4535 mar—

2019 3286 2148 3357 περὶ
2181 3284 2274 3339 τοῦ
2309 3284 2562 3355 Θηϐαίων
2595 3284 2829 3354 τείχους,
2867 3284 3004 3352 πρὸς
3037 3283 3207 3355 λύραν
3242 3282 3336 3335 καὶ
3362 3282 3591 3350 κιθάραν

2018 3378 2355 3450 ὲνηρμόσθαι
2391 3377 2452 3431 τὸ
2495 3378 2733 3447 ἐξαρχῆς
2759 3392 2773 3407 ·
2811 3377 2902 3429 καὶ
2945 3377 3318 3446 κεκοσμῆσθαι
3352 3375 3409 3428 δὲ
3438 3357 3590 3438 ναοῖξ

2017 3471 2114 3524 καὶ
2155 3470 2439 3541 ἀγάλμασι
2465 3484 2480 3499 ⁸
2528 3471 2667 3540 πρὸς
2707 3469 2765 3522 δὲ
2808 3471 2904 3523 καὶ
2948 3470 3132 3532 στοαῖς
3176 3470 3272 3522 καὶ
3317 3469 3587 3539 θεάτροις,

2018 3564 2111 3615 καὶ
2152 3564 2322 3617 πᾶσιν
2359 3557 2445 3615 οἷα
2486 3563 2553 3617 ἄν
2591 3579 2675 3625 τις
2717 3563 2893 3615 εἰπεῖν
2930 3561 3045 3633 ἔχοι
3082 3560 3390 3623 τοιούτοιςῖ
3420 3559 3591 3619 οὐδεὶς

2017 3653 2123 3720 ἔξω
2153 3653 2366 3724 στηλῶν
2398 3652 2757 3724 Ἡρακλέους,
2788 3652 2935 3714 ὅστις
2967 3652 3113 3705 ἐστὶν
3139 3647 3291 3719 οἶμαι
3323 3651 3549 3721 ἀνήκοος
3571 3666 3588 3681 ο

2018 3745 2164 3800 οὕτω
2191 3746 2299 3816 γὰρ
2328 3746 2548 3815 εὐτυχεῖ
2574 3746 2704 3814 περὶ
2730 3744 2827 3807 τὰς
2856 3742 3027 3822 ὥρας,
3055 3745 3152 3796 καὶ
3178 3742 3303 3805 τοὺς
3334 3743 3503 3812 ἀέρας
3530 3737 3589 3793 εὖ

2019 3838 2154 3907 ἔχει,
2187 3839 2262 3900 ὡς
2289 3837 2516 3908 οὐδεμία
2546 3838 2654 3891 τῶν
2686 3837 2859 3907 ἄλλων
2893 3834 3159 3905 κρείττων
3183 3851 3198 3865 ο
3230 3834 3504 3897 τοσούτοις
3534 3833 3591 3885 δὲ

2019 3932 2114 3983 καὶ
2144 3929 2479 4000 τηλικούτοις
2510 3927 2734 3995 ἀγαθοῖς
2766 3927 3016 3996 κομῶσκ,
3068 3926 3162 3980 καὶ
3188 3926 3295 3978 τῶν
3325 3928 3422 3995 μὲν
3453 3924 3589 3992 ἀγα-

2019 4021 2130 4073 θῶν
2167 4020 2472 4091 μετέχουσα
2497 4021 2739 4083 πάντων,
2768 4019 2842 4081 ὡς
2884 4018 3015 4081 ἔπος
3056 4020 3231 4070 εἰπεῖν
3257 4034 3273 4049 ·
3309 4015 3345 4069 ἃ
3382 4015 3439 4069 δὲ
3470 4016 3590 4077 ταῖς

2018 4113 2209 4178 ἄλλαις
2239 4114 2503 4183 πρόσεστι
2533 4112 2776 4184 δυσχερῆ
2808 4115 3116 4180 πεφευγυῖα
3144 4111 3243 4181 ήδη
3274 4110 3460 4179 ὥσπερ
3489 4108 3591 4159 οὐκ
3631 4147 3642 4156 .

2020 4206 2192 4272 αὐτῆς
2222 4201 2362 4260 εἶναι
2392 4207 2690 4275 νομίζουσα
2716 4221 2730 4236 ’
2767 4205 2826 4258 τὸ
2857 4203 2952 4257 καὶ
2978 4202 3088 4275 πεδ’
3112 4200 3291 4255 ὁτιοῦν
3319 4200 3428 4252 τῶν
3459 4198 3591 4251 καλ-

2020 4269 2221 4354 λίστων
2254 4269 2618 4368 ἐστερῆσθαι,
2651 4298 2751 4351 οὐκ
2784 4298 2842 4350 ἐν
2876 4269 3088 4358 τούτοίς
3119 4295 3217 4365 τὴν
3249 4292 3593 4362 εὐδαιμονίαν

2020 4395 2262 4464 ὁρίζεται
2285 4409 2298 4424 ·
2334 4392 2451 4446 ἀλλ’
2474 4391 2623 4445 ἔστιν
2651 4385 2733 4454 οἷς
2766 4388 3188 4458 πεφιλοτίμηται
3221 4384 3452 4455 μᾶλλον,
3484 4383 3601 4444 τοῖς

2036 4486 2390 4556 Ἀγαθονίκου
2436 4484 2530 4538 καὶ
2564 4483 2675 4538 τῶν
2708 4481 2885 4538 ἄλλων
2923 4479 3221 4553 μαρτύρων
3256 4475 3598 4545 παλαίσμασί
3634 4494 3641 4503 ο

338 4588 514 4649 tyrum
549 4570 849 4632 certamina
885 4584 940 4629 et
973 4575 1236 4638 praeclare
1267 4583 1442 4646 gesta.
1474 4589 1574 4652 per
1602 4590 1725 4643 qua:
1776 4573 1918 4628 Deus

2023 4595 2081 4631 τε
2129 4578 2226 4631 καὶ
2272 4576 2694 4646 κατορθώμασι,
2738 4577 2834 4629 καὶ
2875 4575 2988 4636 τοῖς
3032 4572 3196 4635 θείοις
3238 4569 3592 4652 παιδεύμασι.

338 4681 576 4724 mentem
607 4678 851 4723 nostram
911 4668 1151 4722 instruit.
1207 4669 1283 4721 lin
1334 4666 1485 4721 urbis
1533 4678 1918 4721 ornamentum

335 4772 391 4817 et
424 4762 681 4833 gloriam!
710 4759 827 4815 Huc
853 4761 1065 4815 accedit
1093 4760 1239 4830 quod
1281 4776 1391 4830 pra:
1419 4762 1636 4813 caneris
1668 4758 1918 4825 urbibus,

342 4856 473 4910 viris
502 4854 739 4909 maxime
794 4853 1039 4908 strenuis
1070 4868 1133 4907 ac
1166 4868 1331 4907 manu
1381 4850 1697 4905 fortissimis
1746 4849 1920 4904 abun-

339 4949 522 5015 dabat,
552 4951 804 5019 quamvis
858 4951 975 5019 ipsa
1024 4958 1215 5020 postea
1250 4948 1318 5003 ab
1351 4947 1603 5002 hostibus
1657 4956 1813 5016 capta
1862 4946 1918 4998 in

346 5045 705 5099 Barbarorum
763 5059 958 5098 manus
1004 5043 1235 5099 venerit.
1296 5042 1430 5108 Quis
1476 5056 1640 5112 porro
1708 5041 1922 5110 ignoret

342 5135 641 5193 secundum
693 5151 935 5205 quoque,
982 5136 1163 5204 Selytn
1204 5136 1452 5205 inquam,
1493 5133 1614 5202 eius
1666 5131 1920 5202 patriam,

342 5229 448 5283 loci
481 5229 823 5291 ammnitate,
864 5241 1057 5283 natura
1091 5230 1208 5298 ipsa
1247 5229 1496 5291 favente,
1535 5225 1917 5294 conspicuam,

318 5323 621 5377 'mmnihus
652 5323 1009 5391 turribusque
1046 5336 1306 5392 perquam
1344 5321 1613 5394 munitam
1641 5332 1705 5372 ac
1736 5331 1925 5386 pnma-

340 5416 487 5468 ιηἰεῖ
532 5412 951 5467 Pulchritudine
981 5427 1045 5467 ac
1078 5411 1460 5482 magnitudine
1501 5424 1623 5464 cum
1673 5408 1922 5462 celeber-

344 5509 504 5562 rimis
541 5505 909 5576 comparanda
938 5516 1047 5572 est,
1078 5509 1209 5560 dum
1241 5517 1469 5558 caeteras
1514 5503 1564 5556 iu
1594 5501 1923 5571 quibusdam

345 5601 690 5670 negotiorum
723 5600 1016 5668 generibus
1056 5599 1213 5669 longe
1247 5604 1509 5664 superat;
1562 5594 1707 5647 unde
1753 5594 1926 5663 gloria

344 5691 524 5761 ipsius
544 5692 715 5745 maria
736 5691 941 5760 trajicit
969 5707 1032 5745 ac
1052 5693 1190 5744 cwlo
1211 5700 1372 5745 tenus
1405 5688 1605 5752 fertur;
1635 5700 1798 5754 quant
1830 5684 1924 5752 qui

347 5800 376 5837 a
414 5796 558 5841 terra
599 5786 805 5841 marive
860 5796 1058 5840 tectam
1105 5793 1422 5852 sartamque
1468 5779 1767 5849 aspiciunt,
1808 5779 1925 5831 lau-

348 5876 481 5932 dant
514 5893 577 5934 ac
618 5879 887 5934 mirantur
919 5878 988 5933 ob
1023 5864 1290 5933 custodiat
1347 5875 1660 5928 tlrmitatcm
1693 5880 1749 5926 ct
1780 5870 1926 5924 viro-

2023 4670 2214 4724 Ταῦτα
2257 4669 2355 4740 μὲν
2387 4664 2480 4722 οὖν
2512 4667 2580 4720 τά
2620 4667 2790 4737 αὐτῆς
2829 4663 3265 4732 καλλωπίσματα
3299 4660 3393 4715 καὶ
3429 4646 3596 4728 αὐχή-

2025 4781 2171 4834 ματα
2194 4778 2207 4793 ·
2249 4763 2386 4831 πρὸς
2414 4761 2626 4822 τούτοις
2646 4799 2663 4825 ,
2699 4757 2952 4811 ἐπλούτει
2985 4756 3082 4810 καὶ
3117 4756 3317 4824 ἄνδρας
3349 4750 3595 4820 πρδρτῶν

2022 4856 2202 4910 ἄλλων
2252 4854 2460 4907 πόλεων
2510 4850 2799 4911 πλείστους
2852 4846 3294 4919 ἀνδρικωτάτους
3340 4844 3456 4913 ἅμα
3505 4841 3595 4893 καὶ

2027 4947 2470 5018 μαχιμωτάτους,
2513 4943 2618 4997 κᾶν
2663 4943 2721 5006 ἐς
2766 4939 2995 5010 ὕστερον
3037 4937 3142 4992 ὑπὸ
3182 4939 3279 5007 τῆς
3327 4932 3597 5004 ἁμαρτίας

2026 5038 2304 5093 ἑαλωκυῖα
2336 5035 2493 5106 ὤφθη
2527 5035 2679 5104 παρὰ
2709 5034 2818 5085 τῶν
2853 5031 3146 5102 βαρϐάρων
3179 5029 3377 5083 αὐτῶν.
3411 5028 3506 5089 Τίς
3537 5026 3596 5079 δὲ

2023 5128 2126 5182 οὐκ
2156 5126 2301 5181 οἶδεν
2330 5122 2486 5188 αὖθις
2517 5126 2605 5191 ἂν,
2639 5123 2733 5185 τὴν
2763 5123 3021 5192 δευτέραν
3051 5120 3218 5174 αὖτοῦ
3249 5119 3322 5181 ὡς
3354 5119 3420 5173 ἂν
3448 5119 3594 5169 εῐποι

2023 5238 2110 5284 τις
2143 5220 2380 5289 πατρίδα
2409 5218 2507 5288 τὴν
2537 5217 2631 5270 τοῦ
2665 5215 2897 5286 Σήλυος;
2929 5214 3077 5276 ὅπως
3103 5214 3196 5264 καὶ
3222 5210 3361 5279 αὑτὴ
3394 5204 3451 5261 εὖ
3484 5208 3595 5276 ἔχη

2027 5310 2241 5381 φύσεώς
2282 5325 2343 5363 τε
2391 5310 2488 5362 καὶ
2534 5306 2736 5369 θέσεως
2782 5310 2878 5359 καὶ
2923 5306 3148 5373 τειχέων
3205 5302 3302 5355 xzi
3344 5298 3591 5369 πύργων,

2027 5405 2164 5476 πρὸς
2191 5402 2248 5455 δὲ
2268 5444 2284 5465 ,
2316 5400 2568 5455 ἐπινείων
2596 5401 2691 5453 καὶ
2722 5398 3095 5468 προαστείων,
3125 5394 3201 5457 ὡς
3233 5393 3368 5463 μόνη
3393 5406 3462 5457 γε
3494 5381 3599 5441 πα·

2028 5498 2173 5563 σῶν,
2223 5498 2322 5557 τὰς
2377 5494 2476 5564 μὲν
2528 5491 2746 5562 μεγέθει
2806 5488 3217 5560 σεμνυνομένας
3269 5485 3365 5538 καὶ
3413 5480 3598 5535 κάλλει

2030 5587 2388 5661 ἁμιλλωμένη
2415 5599 2430 5615 ⁸
2464 5584 2564 5647 τὰς
2594 5583 2639 5637 δ’
2665 5581 2832 5643 ἄλλας
2866 5578 3197 5648 ὲξισουμὲνη
3233 5574 3327 5627 καὶ
3361 5570 3598 5641 ὑπερφέ-

2033 5697 2199 5753 ρουσα
2218 5718 2233 5744 ,
2266 5679 2324 5732 ἐν
2353 5692 2464 5731 τισι
2494 5676 2820 5746 πράγμασι,
2854 5674 2999 5726 κατά
3027 5687 3090 5739 γε
3120 5669 3219 5738 τὴν
3249 5665 3358 5721 τῶν
3389 5661 3597 5753 πολλῶν

2028 5751 2226 5837 δόξαν·
2274 5770 2396 5840 ἥτις
2444 5767 2582 5838 πρὸς
2626 5766 2688 5818 τὺ
2736 5764 2974 5831 πέλαγος
3021 5762 3116 5816 καὶ
3161 5759 3252 5812 τὸν
3298 5757 3448 5829 ἥλιον
3478 5751 3587 5807 ἀνί-

2033 5881 2256 5936 σχουσα.
2290 5862 2363 5919 Τὸ
2394 5862 2502 5932 γὰρ
2532 5858 2721 5930 σχῆμα
2749 5857 3019 5922 τοιοῦτον,
3053 5856 3116 5907 ὲκ
3146 5855 3251 5923 γῆς
3279 5850 3371 5904 καὶ
3404 5844 3596 5901 θαλάτι
