4070 6520
490 374 625 437 1233

483 583 635 637 νοῦσί
660 600 720 638 τε
751 587 845 638 καλ
877 585 1215 656 θαυμάζουσι
1241 599 1255 614 ⁶
1287 588 1381 642 καὶ
1409 586 1783 657 φυλακτήριον
1814 591 1907 640 καὶ
1939 588 2064 641 σκέ-

485 691 595 742 πην
624 675 828 729 ὡσανεὶ
865 675 1111 746 ίὶτχύουσι
1141 677 1212 731 τά
1247 676 1413 745 ἐγγύς
1448 693 1550 730 που
1585 677 1838 747 πέλματά
1872 694 1929 730 τε
1966 678 2062 728 καὶ

486 764 722 836 φρούρια
749 781 763 797 ο
810 767 948 836 πρὸς
990 767 1204 830 τούτοις
1246 768 1404 829 πᾶσι.
1451 768 1548 820 καὶ
1587 767 1924 838 ὁπλοφόρους
1968 768 2062 819 καὶ

491 856 773 927 μαχίμους
806 857 1037 927 ἄνδρας,
1075 859 1277 922 καλοὺς
1312 858 1587 928 κάγαθούς
1611 875 1626 892 ·
1660 852 1936 922 τοιούτους
1970 861 2063 912 καὶ

483 949 875 1017 τηλικούτους,
913 948 989 1012 ὡς
1025 952 1127 1003 ἐπὶ
1150 951 1382 1014 ἀσπίδας
1418 952 1513 1023 καὶ
1548 951 1678 1021 δόρυ
1713 952 1771 1003 ὲν
1807 952 2063 1022 πολέμοις

456 1041 582 1123 ,καὶ
614 1041 813 1110 μάχαις
841 1040 1132 1108 τεθνάναι,
1165 1045 1260 1097 ἐὰν
1292 1043 1586 1114 βαρϐάρων
1629 1043 1705 1114 μὴ
1734 1044 2064 1112 περιγένων-

484 1148 575 1184 ται
621 1133 774 1196 τσως,
819 1134 922 1189 ὑπὸ
966 1135 1207 1206 πλήθους
1250 1138 1551 1206 στρατιᾶς·
1600 1136 1737 1207 μόνη
1781 1136 1890 1207 γὰρ
1932 1136 2064 1204 περὶ

484 1225 701 1293 τυχῶν,
733 1225 809 1290 ὡς
838 1226 969 1291 ἔπος
999 1230 1175 1281 εἰπεῖν
1195 1268 1210 1292 ,
1243 1227 1276 1300 ἢ
1309 1227 1507 1299 κομιδὴ
1536 1229 1594 1280 ὲν
1624 1227 1834 1296 ὀλίγαις
1865 1229 2064 1299 ἄνδρας

485 1314 705 1369 δύναται
746 1317 974 1386 τρέφειν
1017 1319 1294 1386 ἀγαθοὺς,
1333 1320 1478 1375 ὅπλα
1522 1319 1926 1390 μεταχειρίζειν
1973 1320 2065 1372 καὶ

489 1404 650 1474 μόνα,
679 1405 770 1460 διὰ
800 1408 924 1470 τοὺς
957 1412 1202 1478 συνεχεῖς
1236 1409 1530 1479 πολέμους,
1562 1409 1693 1464 ὥσθ’
1717 1411 1745 1463 ὃ
1776 1413 1943 1479 φησιν
1973 1412 2066 1463 Αί-

490 1498 719 1568 σχύλος,
761 1497 971 1570 Ἑρμῆς
1019 1500 1192 1554 ταῦτα
1241 1501 1478 1571 εὐλόγως
1531 1504 1840 1574 συνήγαγεν
1869 1520 1885 1536 ο
1939 1502 2066 1556 οὐτε

491 1590 716 1653 τούτους
765 1591 949 1646 ὅπλων
991 1592 1315 1663 ἀποστερεῖν
1359 1588 1472 1648 οἷόν
1514 1612 1574 1648 τε
1618 1594 1765 1649 δεῖν’
1810 1594 1933 1648 οὐτε
1978 1595 2069 1649 τὸν

490 1682 667 1752 Ἀρην
709 1678 817 1746 ἔξῶ
859 1681 1089 1750 τιθέναι,
1135 1684 1227 1738 τδν
1271 1684 1511 1756 πόλεμον
1553 1684 1778 1756 δηλαδή.
1808 1686 1972 1738 Ὅθεν
2018 1688 2065 1740 εί

487 1770 674 1841 ἔτυχον
709 1773 986 1843 περιόντες
1016 1775 1266 1845 Ὅμηρος
1308 1777 1404 1829 καὶ
1441 1775 1685 1840 Ἡσίοδος
1708 1816 1724 1840 ,
1766 1777 1935 1846 μόνας
1968 1779 2066 1839 τὰς

487 1861 577 1915 δύο
604 1862 827 1928 ταύτας,
854 1864 1082 1928 δικαίως
1108 1861 1262 1919 εἷπον
1291 1866 1502 1937 ἀνδρῶν
1529 1865 1678 1937 ἔχειν
1705 1869 1899 1938 φορὰν.
1929 1868 2068 1932 ἀγα-

490 1954 597 2008 θῶν
632 1955 731 2025 μὲν
765 1957 1041 2027 κοσμῆσαι
1078 1956 1281 2022 ἵππους
1314 1960 1409 2012 καὶ
1441 1961 1646 2031 ἀνέρας
1681 1960 2016 2021 ἀσπιδιώτας
2048 1976 2062 1991 ’

488 2048 714 2117 ἀγαθῶν
764 2052 824 2105 δὲ
882 2052 983 2122 τῆς
1037 2053 1236 2122 τέχνης
1292 2053 1552 2123 εὐρίσθαι
1604 2053 1851 2125 τέρματα
1903 2048 2114 2107 τάσδε’

491 2140 639 2211 σαφῆ
661 2158 676 2173 ο
708 2142 782 2206 ὡς
809 2141 924 2196 ἐστι
952 2160 1016 2212 γε
1045 2142 1156 2196 τῶν
1188 2145 1576 2210 ἀτοπωτάτων,
1613 2146 1662 2199 εί
1694 2146 1920 2215 κοσμεῖν
1952 2143 2066 2198 ἐθέ-

491 2232 673 2296 λοντες
700 2233 903 2298 ταύτας
934 2233 1003 2288 τά
1035 2234 1203 2289 πλείω
1236 2237 1330 2290 καὶ
1361 2236 1598 2306 κρείττω
1629 2237 1726 2304 καὶ
1760 2234 1930 2305 μείζω
1965 2250 2067 2286 πα-

492 2324 691 2394 ρίημεν
715 2340 729 2355 ο
761 2323 903 2395 άπερ
935 2327 1043 2379 sici.
1072 2327 1244 2380 ταῦτα
1272 2344 1284 2359 ·
1319 2325 1511 2397 ὥσπερ
1543 2328 1610 2381 ἀν
1641 2327 1695 2380 εί
1721 2343 1807 2388 τις
1837 2324 2066 2396 μέγεθος

494 2418 754 2487 στρατιάς
786 2419 1038 2487 ἀγγεῖλαι
1072 2420 1418 2490 βουλόμενος,
1447 2414 1559 2474 οἷον
1586 2419 1684 2488 τῆς
1713 2417 1946 2490 Ἀχαιῶν
1975 2417 2066 2470 ἐπὶ

492 2507 695 2587 Τροίᾳ*
727 2510 760 2579 ἢ
788 2510 887 2580 τῆς
920 2510 1125 2580 Ξέρξου
1159 2511 1244 2564 ἐπ’
1273 2511 1598 2582 Ἀθηναίοις,
1628 2506 1750 2565 εἶτα
1781 2511 1928 2578 λέγει
1969 2527 2066 2578 μυ-

492 2604 643 2673 ρίους
677 2603 710 2674 ἢ
746 2602 1080 2675 δυσμυρίους
1132 2603 1356 2667 ὁπλίτας
1394 2602 1564 2668 ίδείν,
1597 2602 1781 2665 ῖππωγ
1813 2600 1870 2655 δὲ
1909 2600 2067 2668 τόσην

492 2697 588 2750 καὶ
618 2696 785 2767 τόσην
805 2737 821 2763 ,
854 2691 975 2749 οὐδὲ
1009 2696 1298 2748 πολλοστὸν
1334 2696 1499 2766 μέρος
1529 2694 1625 2747 τοῦ
1659 2692 1858 2755 παντὸς
1889 2690 2066 2760 λέγων

461 2783 468 2789 ’
492 2788 549 2838 ὲν
576 2782 656 2848 οίς
686 2785 978 2854 θαυμάζει,
1011 2787 1187 2840 καίτοι
1218 2787 1308 2838 καὶ
1327 2786 1426 2856 τὴν
1448 2785 1556 2840 τῶν
1584 2783 1884 2847 Ἀθηναίων
1915 2782 2067 2835 πόλιν

493 2878 786 2948 εὐδαίμονα
818 2881 928 2940 τοῖς
964 2880 1216 2947 ποιηταῖς
1250 2876 1399 2943 ἔδοξε
1435 2877 1794 2946 προσειπεῖν,
1832 2873 1911 2928 ὅτι
1946 2874 2067 2937 ταῖς

494 2973 602 3025 τῶν
642 2970 996 3024 ἐνοικούντων
1041 2971 1431 3041 ἀνδραγαθίαις
1475 2971 1801 3040 ἐκοσμεῖτο,
1848 2962 2067 3038 ἦπούγε

494 3063 761 3133 λαμπρῶς
788 3062 987 3125 ταύτας
1020 3064 1118 3124 τὰς
1151 3062 1523 3133 προσηγορίας
1557 3062 1825 3131 προσήκει
1852 3075 1866 3088 ⁸
1905 3058 2065 3129 μόναι

1547 376 1835 437 ORATIO
1884 379 1962 438 ΙΝ
2006 380 2064 438 S.
2115 379 2698 442 AGATHONICUM.

370 521 386 536 -
481 510 582 561 της
615 490 947 562 θεωροῦντες
982 492 1152 564 αὐτὴν
1185 492 1261 556 ὡς
1295 493 1493 548 ἄσυλον
1528 496 1624 547 καὶ
1656 494 1869 564 ἀσφαλῆ
1904 495 2058 547 ἐπαι-

2175 512 2282 551 rum
2334 507 2671 552 armatorum
2724 494 2978 550 virtutem
3031 509 3094 549 ac
3148 479 3565 558 fertitudinem;
3604 493 3743 546 tales

3603 373 3751 437 ιρις

2165 589 2310 644 enim
2357 604 2482 644 cum
2520 590 2654 651 sint,
2706 596 2799 642 aut
2855 586 3123 641 Barbaros
3149 586 3389 648 vincere,
3438 593 3534 638 aut
3580 598 3741 652 super

2165 681 2356 751 clypeo
2411 689 2509 735 aut
2549 680 2730 746 iaculo
2786 674 3049 733 commori
3133 677 3186 731 in
3246 678 3434 730 animo
3515 675 3740 729 habent.

2169 769 2296 825 Sola
2322 769 2469 824 enim
2503 769 2593 823 illa
2626 786 2690 823 ex
2724 776 2802 822 tot
2827 769 2954 822 aliis
3004 768 3161 823 viros
3209 776 3469 821 strenuos
3507 775 3562 819 et
3600 765 3744 818 alere

2166 868 2223 915 et
2249 861 2419 916 armis
2450 861 2798 916 assuefacere
2846 860 3001 913 valet'
3031 859 3102 912 ob
3137 858 3355 941 assidua
3407 857 3569 915 bella.
3601 863 3656 910 et
3689 863 3747 908 ut
3834 854 3842 871 '

2167 952 2436 1023 Aischylo
2488 961 2651 1018 teste,
2686 952 3001 1007 Mercurius
3042 951 3147 1004 rite
3188 965 3285 1004 eos
3319 947 3596 1003 adnuat-it.
3628 944 3745 1000 Non

2166 1044 2313 1101 enim
2346 1045 2382 1100 ii
2405 1055 2531 1100 sunt
2556 1045 2650 1112 qui
2688 1043 2936 1115 neglecto
2963 1058 3241 1097 armorum
3277 1056 3379 1095 usu
3412 1038 3663 1103 Martem,
3697 1037 3746 1092 id

2168 1137 2468 1192 estbellum
2494 1137 2547 1191 in
2566 1132 2825 1191 exSilium-
2846 1144 3025 1206 agant.
3045 1133 3206 1189 Certe
3229 1133 3273 1188 si
3301 1132 3568 1188 Homerus
3585 1140 3748 1199 atque

2169 1230 2437 1287 Hesiodus
2465 1230 2534 1285 ad
2565 1231 2728 1285 vitam
2756 1231 3020 1292 redirent,
3053 1231 3151 1285 has
3179 1229 3316 1284 duas
3336 1227 3481 1283 solas
3504 1227 3745 1281 virorum

2169 1324 2384 1378 feraces
2411 1337 2533 1378 esse
2558 1333 2611 1376 et
2664 1322 2887 1378 altrices
2920 1337 3189 1391 equorum
3220 1319 3530 1377 etmilitum
3576 1333 3749 1383 agno-

2169 1424 2409 1477 scerent,
2466 1421 2522 1465 ιιι
2567 1427 2670 1467 nec
2725 1412 2908 1467 minus
2957 1413 3161 1465 artium
3215 1410 3446 1465 eximias
3470 1409 3750 1464 cultrices.

2169 1503 2355 1571 Quare
2397 1504 2442 1559 si
2488 1519 2584 1559 eas
2613 1503 2837 1559 laudare
2865 1503 3140 1566 volumus,
3189 1516 3277 1556 res
3310 1501 3511 1554 multas
3549 1499 3753 1569 quibus

2169 1597 2448 1653 excellunt
2499 1596 2724 1651 silentio
2784 1596 3070 1667 praeterire
3130 1594 3211 1649 fas
3277 1608 3383 1647 non
3436 1599 3543 1647 est.
3594 1591 3750 1657 Quod

2172 1689 2316 1745 idem
2351 1689 2556 1745 faveret
2585 1689 2677 1759 qui
2707 1688 2986 1743 exercitus
3019 1687 3472 1758 magnitudinem,
3498 1695 3557 1739 ut
3584 1685 3749 1739 Achi-

2174 1795 2361 1834 vorum
2389 1790 2580 1833 contra
2609 1778 2855 1847 Troiam,
2890 1776 3088 1831 Xerxis
3137 1785 3329 1853 contra
3385 1773 3752 1828 Athenienses
3838 1762 3850 1772 ’

2170 1873 2477 1934 celebrans,
2508 1871 2576 1926 de
2610 1873 2794 1926 decem
2831 1879 2925 1923 aut
2957 1868 3155 1940 viginti
3215 1867 3458 1920 millibus
3495 1865 3754 1933 loquereo

2170 1974 2281 2028 tur,
2330 1966 2577 2034 equitum
2619 1976 2850 2016 numero
2879 1961 3087 2025 addito,
3125 1963 3316 2021 tetius,
3344 1972 3507 2029 quem
3545 1957 3750 2019 laudat,

2168 2057 2385 2111 numeri
2425 2065 2633 2124 partem
2696 2069 2863 2109 unam
2908 2056 2998 2109 vix
3048 2052 3320 2123 attingenl
3369 2069 3383 2106 :
3437 2064 3751 2121 quanquam

2168 2157 2343 2219 poetae
2364 2149 2554 2204 urbem
2577 2146 2995 2202 Atheniensium
3024 2145 3230 2201 felicem
3249 2151 3436 2212 utpotc
3454 2142 3752 2196 incolarum

2166 2241 2492 2298 fortitudine
2544 2233 2863 2310 praeclaram
2908 2237 3185 2307 appellare
3230 2232 3436 2291 amant.
3490 2233 3607 2288 lmo
3661 2232 3752 2286 illa

2169 2335 2302 2391 urbs
2355 2333 2504 2388 omni
2557 2331 2779 2387 laudum
2835 2344 3036 2399 genere
3099 2329 3372 2383 cumulari
3424 2326 3752 2397 digna-est.

2167 2424 2435 2494 siquidem
2462 2437 2551 2477 res
2581 2436 2751 2476 novas
2776 2435 2976 2490 easque
3017 2419 3304 2489 plurimas,
3339 2419 3448 2471 huc
3498 2426 3757 2487 apporta-

2166 2517 2273 2582 vit;
2311 2529 2421 2569 non
2463 2513 2691 2583 lignum,
2729 2525 2835 2566 non
2891 2510 3118 2581 lapides,
3172 2524 3281 2565 non
3331 2509 3754 2563 architectorum

2168 2617 2341 2662 artem
2368 2603 2860 2665 ornamentariam,
2906 2603 3002 2657 sed
3055 2602 3207 2657 viros
3241 2602 3379 2672 ipsis
3411 2602 3465 2655 in
3512 2594 3660 2657 bello
3699 2610 3756 2655 et

2168 2698 2367 2771 pugnis
2398 2695 2681 2753 salvandis
2711 2695 2947 2750 idoneos
2983 2704 3041 2750 et
3084 2695 3176 2762 qui
3211 2695 3427 2749 caneris
3484 2695 3539 2747 in
3589 2694 3755 2748 rebus

2169 2791 2415 2847 honestis
2471 2797 2529 2844 et
2582 2789 2846 2859 praeclare
2911 2787 3068 2843 factis
3119 2803 3221 2857 pro
3264 2785 3589 2856 exernplari,
3649 2787 3755 2840 illis

2169 2869 2485 2957 praesen-lini
2514 2882 2881 2953 temporibus,
2927 2896 3051 2936 esse
3099 2895 3241 2951 posst
3261 2890 3344 2936 nt.
3401 2878 3516 2934 Huc
3546 2878 3758 2932 accedit

2168 2975 2315 3046 quod
2367 2975 2486 3029 ista:
2531 2973 2699 3029 urbes
2734 2974 2980 3028 virorum
3030 2970 3341 3025 divinorum
3398 2978 3668 3038 praerepta
3705 2979 3760 3020 et

2168 3065 2402 3137 regulas,
2470 3077 2659 3133 regum
2729 3063 2944 3132 piorum
3001 3068 3058 3115 et
3108 3059 3441 3129 sapientium
3516 3057 3751 3128 Lycurgi

497 3156 606 3226 γὰρ
646 3157 759 3217 τοῖς
799 3153 1012 3215 πολλοῖς
1054 3142 1272 3205 δοκοῦσι
1312 3152 1422 3205 τῶν
1464 3153 1683 3206 πάντων
1723 3150 1909 3204 καινόν
1947 3164 2068 3203 τινα

2175 3172 2237 3212 ac
2292 3154 2516 3211 Solonis
2584 3163 2640 3209 et
2688 3153 3066 3225 cujuscunque
3134 3150 3467 3221 legislatoris
3539 3148 3754 3219 imperii

495 3250 695 3317 τρόπον
727 3246 949 3321 ταύταις
982 3249 1097 3308 ταῖς
1132 3245 1323 3315 δχθαις
1353 3244 1636 3315 ὁρίζεσθαι
1664 3259 1679 3273 ·
1712 3243 1773 3296 οὐ
1810 3241 1944 3317 ξύλα
1975 3242 2069 3295 καὶ

494 3340 677 3403 λίθους
707 3340 800 3394 καὶ
826 3339 1019 3409 τέχνην
1046 3340 1315 3391 τεκτόνων
1345 3337 1439 3389 καί
1464 3337 1559 3389 τὸν
1586 3335 1698 3389 τῶν
1728 3332 1954 3404 ἀψύχων
1980 3333 2070 3386 κό-

500 3451 655 3504 σμων
682 3449 695 3463 ο
740 3432 854 3486 ἀλλ’
880 3432 1080 3501 ἄνδρας
1124 3430 1335 3492 εἰδότας
1383 3431 1483 3500 μὲν
1529 3426 1726 3492 σώζειν
1767 3427 1965 3505 αὐτοὺς
2013 3426 2071 3478 ἐν

390 3556 393 3559 -
429 3596 444 3609 Ι
498 3527 754 3595 πολέμοις
787 3525 884 3578 καὶ
919 3525 1120 3595 μάχαις
1146 3540 1159 3553 ·
1194 3522 1402 3585 εἰδότας
1432 3521 1488 3574 δὲ
1522 3521 1879 3591 παράδειγμα
1910 3517 2072 3571 καθε-

499 3616 693 3671 στάναι
722 3618 833 3679 τοῖς
864 3613 1046 3676 ἄλλοις
1076 3612 1185 3665 τῶν
1215 3610 1510 3680 βελτίστων
1532 3649 1547 3675 ,
1579 3612 1636 3663 ἐν
1665 3611 1781 3673 τοῖς
1810 3606 2075 3670 τοιούτοις

497 3714 708 3785 καιροῖς
733 3712 828 3765 καὶ
856 3713 1165 3781 πράγμασι.
1200 3706 1342 3776 Πρὸς
1365 3707 1423 3761 δὲ
1444 3704 1657 3769 τούτοις
1684 3705 1781 3760 καλ⁸
1809 3705 1916 3772 πρὸ
1940 3703 2080 3773 πάν-¹

498 3826 625 3872 των,
661 3806 929 3877 τηροῦσαι
963 3804 1240 3872 φαίνονται
1276 3797 1435 3858 αὗται
1467 3802 1524 3855 αἱ
1557 3799 1739 3863 πόλεις
1772 3799 1868 3853 καὶ
1903 3796 2074 3851 θείων

497 3901 708 3969 ἀνδρῶν
733 3900 965 3961 κανόνας
996 3897 1091 3950 καὶ
1116 3897 1370 3965 δόγματα
1395 3892 1410 3926 δ
1439 3893 1519 3946 ἔτι
1544 3891 1603 3951 δὲ
1634 3890 1896 3961 βασιλέων
1923 3888 2077 3942 εὐσε-

498 3994 609 4047 ϐῶν
642 3992 840 4068 νόμους
860 4029 875 4052 ,
911 3990 1006 4043 καὶ
1042 3988 1222 4055 σοφῶν
1255 3985 1463 4056 ἀνδρῶν
1495 3981 1815 4052 Λυκούργου
1850 3980 1947 4034 καὶ
1979 3979 2077 4032 Σό·

500 4087 691 4149 λωνος,
718 4083 813 4134 καὶ
841 4083 1041 4142 παντὸς
1070 4080 1233 4134 ἄλλου
1265 4075 1556 4147 νομοθέτου
1584 4073 1718 4144 παρ’
1739 4068 1824 4136 οἷς
1852 4072 2078 4140 γεγόνα-

500 4197 587 4233 σιν
613 4178 844 4244 διάφορα
864 4214 879 4240 ,
908 4174 978 4226 τά
1023 4188 1083 4224 τε
1112 4168 1397 4239 Ῥωμαῖκά
1422 4168 1519 4221 καὶ
1548 4164 1824 4235 ἑπαρχικά
1843 4179 1858 4195 ο
1886 4164 1979 4216 καὶ
2009 4162 2079 4215 τὰ

500 4269 763 4325 κάλλιστα
807 4265 916 4318 τῶν
961 4260 1290 4331 πᾷοχείρων,
1339 4258 1554 4327 ξυνάμα
1596 4257 1718 4317 ταῖς
1766 4252 2080 4325 βασιλικαῖς

504 4364 721 4432 νεαραῖς
755 4358 1033 4412 πολιτείαν
1065 4355 1164 4423 μὲν
1191 4342 1492 4421 ἀξιόχρεων
1520 4348 1597 4417 τῷ
1628 4347 1778 4417 νόμῳ
1810 4345 2039 4415 σχοῦσαι
2060 4384 2074 4408 ,

502 4455 806 4525 ἀξιόχρεων
840 4447 1027 4520 σχεδὸν
1060 4445 1116 4499 δὲ
1156 4444 1252 4498 καὶ
1292 4439 1661 4511 δικαστηρίων
1694 4436 1874 4492 αὐτῶν
1910 4453 2076 4489 σπου-

2173 3254 2269 3302 aut
2318 3244 2733 3317 provinciarum
2791 3243 2941 3313 leges
2997 3240 3189 3295 stricte
3255 3239 3571 3294 observant.
3625 3236 3758 3291 Inde

2174 3339 2320 3393 enim
2349 3338 2496 3393 sicut
2523 3352 2588 3393 ex
2622 3334 2990 3405 imperatoriis
3019 3333 3249 3388 novellis
3285 3332 3491 3402 optima
3526 3346 3758 3402 quat-que

2174 3439 2435 3500 excerpta
2464 3429 2521 3484 in
2556 3426 3042 3483 administratione
3088 3440 3152 3480 ac
3205 3424 3596 3495 iurisdictione
3639 3422 3757 3477 ubi-

2174 3540 2283 3598 que
2308 3524 2665 3598 adhibebant,
2709 3502 2929 3579 etiamst
2980 3535 3093 3576 non
3171 3521 3336 3575 rebus
3385 3519 3586 3587 ubique
3635 3531 3759 3586 pro-

2175 3597 2354 3689 speris
2380 3597 2490 3673 ett;
2513 3613 2789 3671 sententia
2817 3612 3117 3668 ﬂuentibus
3147 3621 3457 3666 uterentur.
3501 3608 3570 3663 Et
3601 3618 3758 3678 pater

2174 3710 2396 3782 quidem
2459 3691 2665 3779 egregii
2722 3721 2788 3761 ac
2862 3703 3193 3761 nobilissimi
3259 3700 3584 3774 Agathonici
3655 3698 3759 3753 fuit

2177 3799 2531 3870 Asclepiades
2561 3797 2851 3868 praefectus
2897 3812 2963 3850 ac
2994 3795 3140 3851 filius
3179 3792 3452 3863 Hippasii,
3489 3789 3581 3859 qui
3628 3799 3760 3844 tunc
3870 3782 3871 3785 “

2179 3893 2471 3964 plurimum
2522 3891 2576 3944 in
2627 3890 2791 3943 domo
2843 3886 3197 3956 imperatoria
3250 3882 3526 3954 pollebat;
3585 3891 3760 3935 mater

2178 3983 2378 4037 deinde
2395 3982 2629 4053 Agatha,
2647 3978 2865 4049 generis
2885 3986 2939 4032 et
2961 3991 3175 4032 morum
3197 3975 3482 4029 nobilitate
3503 3973 3759 4044 insignis;

2178 4084 2335 4146 pater
2382 4073 2550 4145 igitur
2603 4072 2866 4141 religione
2907 4068 3162 4134 Graecus;
3200 4076 3377 4122 mater
3411 4065 3500 4135 pia
3529 4080 3597 4120 ae
3633 4080 3761 4118 vere.

2178 4165 2513 4221 Christiana.
2558 4161 2657 4218 His
2706 4161 2874 4233 igitur
2908 4159 3232 4230 parentibus
3277 4165 3441 4212 natus
3471 4164 3759 4224 postquam

2178 4264 2427 4310 sanctum
2456 4254 2724 4324 baptisma
2752 4251 3107 4321 suscepisset,
3134 4263 3309 4303 annos
3330 4247 3570 4324 quinque
3598 4257 3761 4298 natus

2183 4322 2829 4418 praeceptori—traditur,
2896 4342 3112 4397 litteras
3184 4352 3373 4394 sacras
3425 4322 3758 4391 edocendum.

2184 4439 2315 4496 lude
2344 4437 2661 4494 Graecorum
2697 4435 2949 4492 doctrina
2980 4433 3229 4487 imbutus
3261 4430 3339 4484 ita
3369 4437 3429 4482 ut
3467 4428 3679 4482 litteras
3708 4435 3764 4479 et

500 4516 756 4612 δάζουσαι
801 4516 945 4613 ἔχειν
981 4540 1103 4593 ὅσον
1139 4536 1201 4590 τὸ
1241 4536 1322 4599 είς
1364 4532 1538 4596 αὐτάς
1577 4526 1734 4602 ἧκον,
1777 4531 1835 4583 τὸ
1877 4528 2072 4582 δίκαιοι

2190 4531 2413 4601 pingere
2438 4537 2494 4583 et
2520 4535 2700 4599 tegere
2731 4526 2955 4588 valeret,
2981 4522 3060 4577 rei
3093 4518 3315 4576 militari
3379 4518 3491 4588 iam
3552 4516 3758 4571 studet.

505 4635 758 4706 πανταχῆ
796 4633 901 4687 κᾶν
932 4632 1036 4685 ὕπο
1067 4629 1168 4699 τῆς
1206 4626 1425 4697 εὐροίας
1466 4623 1770 4687 παίζωνται
1795 4662 1811 4684 ,
1845 4622 1940 4674 καὶ
1978 4619 2084 4686 ἐξω

504 4730 598 4785 τοῦ
631 4726 823 4799 καιροῦ
855 4725 1098 4779 πίπτωσι
1131 4723 1225 4775 καὶ
1260 4720 1336 4790 μὴ
1372 4717 1719 4788 βουλόμεναι.
1756 4715 1946 4783 Πατὴρ
1983 4710 2082 4782 μὲν

504 4823 583 4892 τῷ
625 4820 861 4891 γενναίῳ
903 4817 998 4871 καὶ
1042 4814 1340 4884 θαυμαστῴ
1379 4807 1713 4878 Ἀγαθονίκῳ
1751 4803 2083 4873 Ἀσκληπιά-

504 4917 624 4989 δης,
665 4914 906 4984 ἔπαρχος
944 4910 1044 4979 τὴν
1085 4906 1267 4973 ἀξίαν,
1310 4902 1427 4967 υίὸς
1462 4899 1750 4955 ἰππασίου
1794 4896 1889 4951 τοῦ
1932 4910 2085 4962 τηνι-

507 4986 684 5080 καῦτα
726 5002 1024 5073 δυναμένου
1067 5000 1126 5053 ὲν
1168 4992 1486 5066 βασιλεῦσιο
1533 4993 1717 5064 μήτηρ
1763 4988 1821 5043 δὲ
1853 4986 2082 5055 Ἀγάθη,

508 5099 737 5169 εὐγενής
757 5114 770 5126 ·
801 5098 830 5149 ό
864 5095 962 5165 μὲν
987 5093 1097 5163 γὰρ
1118 5090 1322 5161 Ἕλλην
1346 5084 1412 5159 ἦν
1437 5085 1540 5155 τὴν
1566 5080 1869 5154 θρησκείαν
1888 5119 1904 5146 ,
1939 5082 1972 5149 ή
2002 5079 2079 5147 δὲ,

508 5190 736 5261 εὐσεβὴς
771 5186 867 5241 καὶ⁵
898 5184 1264 5256 φιλόχριστος.
1304 5180 1401 5233 Ἐκ
1432 5170 1638 5232 τούτων
1669 5174 1764 5228 οὖν
1800 5171 2082 5243 προελθὼν

506 5284 601 5338 τοῦ
641 5283 783 5336 θείου
824 5276 1200 5350 βαπτίσματος
1239 5270 1597 5338 καταξιοῦται
1621 5285 1636 5300 ·
1678 5266 1801 5321 ἐπεὶ
1843 5265 1899 5318 δὲ
1941 5264 2084 5333 πέμ-

498 5394 645 5455 Ι’τιτος
670 5375 860 5445 χρόνος
888 5371 1081 5426 ἀνύετο
1105 5368 1301 5438 τούτῳ,
1327 5362 1726 5437 γραμματιστῇ
1758 5359 1986 5419 δίδοται,
2014 5355 2082 5409 τά

513 5468 636 5537 ίερά
660 5466 965 5536 γράμματα
995 5458 1410 5515 ὶκδιδάσκεσθαι
1434 5469 1450 5487 ’
1481 5452 1605 5508 ὅθεν
1633 5453 1730 5505 καὶ
1760 5447 2083 5519 Ἑλληνικῆς

513 5560 760 5620 παιδείας
784 5553 1121 5625 γευσάμενος
1147 5551 1243 5604 καὶ
1269 5543 1656 5605 ἀπολελαυκὼς
1681 5542 1821 5595 ὥστε
1847 5540 2081 5610 γράφειν

510 5653 607 5706 καὶ
638 5644 1034 5716 ἀναγινώσκειν
1068 5640 1284 5710 εὐφυῶς
1316 5639 1410 5691 καὶ
1443 5635 1787 5697 ἀπταίστως,
1824 5632 1892 5682 τὰ
1930 5630 2081 5681 πολε⁴

515 5740 654 5811 μικά
679 5734 1059 5793 ἑκπαιδεύεται
1086 5732 1339 5802 ἀρίστη..
1380 5728 1534 5782 Ἐπεὶ
1562 5725 1606 5780 δ’
1631 5724 1730 5793 οὐχ
1760 5716 1840 5783 εἷς
1871 5718 2080 5773 πολλῶν

514 5828 654 5888 εἶναι
700 5829 872 5884 ἐδόκει
899 5866 913 5894 ,
956 5825 1077 5880 οὐδὲ
1117 5824 1214 5894 τῆς
1257 5823 1494 5893 ἐσχάτης
1541 5818 1756 5888 μοίραξ,
1800 5813 1936 5867 ἀλλὰ
1981 5812 2075 5881 τῆς

2190 4622 2249 4677 lu
2280 4620 2540 4676 omnibus
2579 4628 2763 4673 autem
2794 4615 3006 4686 vulgari
3032 4613 3217 4668 studio
3247 4610 3472 4666 functus
3514 4614 3621 4670 est,
3668 4606 3762 4661 sed

2191 4712 2399 4785 primas
2438 4720 2623 4782 partes
2654 4709 2833 4767 tenuit
2863 4710 2916 4763 in
2955 4706 3181 4763 civitate
3211 4699 3673 4767 administranda,
3707 4698 3763 4752 in

2189 4806 2610 4876 quibuseunque
2647 4801 2886 4872 negotiis
2934 4797 3285 4869 peragendis,
3332 4795 3389 4849 in
3439 4793 3605 4847 rebus
3645 4790 3766 4846 bel-

2190 4898 2334 4960 licis,
2368 4911 2478 4967 quo
2516 4894 2719 4949 factum
2744 4901 2832 4948 est
2867 4901 2927 4946 ut
2951 4889 3331 4952 concionibus,
3368 4886 3510 4945 foro,
3535 4883 3766 4938 theatris

2191 4990 2495 5061 saepissime
2520 4984 2866 5051 interfuerit;
2897 4998 3023 5039 cum
3050 4983 3199 5038 enim
3227 4979 3446 5050 regibus
3475 4975 3765 5031 familiari-

2191 5093 2275 5140 ter
2326 5084 2595 5143 ute’retur,
2677 5075 2991 5149 principum
3055 5086 3275 5143 quoque
3321 5068 3762 5127 consiliariorum

2189 5174 2430 5231 amicitia
2467 5170 2760 5243 gaudebat,
2786 5167 3019 5222 militum
3048 5165 3303 5230 ducibus,
3335 5157 3763 5229 magistratibus,

2189 5266 2505 5338 potentibus
2542 5260 2734 5318 amicis
2764 5275 2898 5315 usus
2925 5267 3030 5312 est.
3067 5255 3273 5326 Ingenii
3321 5251 3468 5307 enim
3512 5247 3765 5303 armnine

2189 5356 2542 5415 Themistocli
2590 5363 2755 5422 atque
2793 5348 3065 5404 Alcibiadi
3114 5341 3555 5414 comparandus,
3584 5337 3762 5409 pluvio

2190 5468 2309 5507 mos
2359 5458 2414 5505 et
2465 5448 2586 5517 ipse
2618 5444 2886 5500 barbaros
2935 5438 3112 5503 fudit;
3164 5450 3328 5506 quem
3388 5433 3432 5486 si
3492 5429 3765 5485 Homerus

2185 5543 2434 5603 vidisset,
2464 5547 2521 5593 et
2570 5537 2772 5591 bonum
2805 5529 3183 5587 consiliarium
3222 5534 3279 5580 et
3326 5521 3557 5577 militem
3602 5534 3762 5589 egre-

2187 5634 2333 5704 gium
2359 5628 2753 5700 proclamasset
2775 5631 2836 5677 ut
2858 5622 2911 5675 io
2935 5615 3101 5674 Iliade
3130 5625 3291 5685 atque
3315 5611 3554 5678 Odyssea
3579 5608 3765 5663 fortis-

2187 5698 2638 5785 sitnosﬁquosque
2671 5711 2983 5766 Graecorum
3018 5705 3266 5762 carmine
3304 5708 3572 5772 perpetuo
3607 5698 3758 5752 cete-

2189 5810 2383 5865 bravit.
2424 5807 2577 5861 Licet
2599 5804 2748 5861 enim
2783 5803 2853 5858 de
2884 5801 3022 5856 bene
3066 5798 3227 5853 factis
3258 5796 3430 5864 deque
3463 5790 3763 5847 virtutibus
