4070 6572
281 339 424 405 1ἓ35

1361 345 1459 404 P11
1475 345 1490 402 l
1507 345 1786 405 LOTHEJ
1863 348 2114 409 SELYM
2129 349 2494 412 BRIENSIS

3437 355 3570 419 1236

276 459 392 512 suis
427 457 655 528 gloriari
709 469 916 527 posset.
974 469 1152 512 tamen
1204 460 1428 514 humilis
1479 475 1544 514 ac
1586 460 1875 517 modestus

2003 463 2274 535 Ξελτίστης
2305 467 2401 520 καὶ
2433 466 2661 537 πρώτης
2691 467 2747 520 ἐν
2774 483 2831 521 τε
2864 466 3077 536 βουλαῖς
3107 466 3200 525 καὶ
3229 448 3524 535 πολιτείαις
3551 489 3566 504 ο

277 567 399 607 esse
431 553 626 606 tnaluit
680 562 734 606 et
789 555 1066 608 recusavit
1109 563 1320 608 statuas
1366 555 1568 624 quibus
1623 555 1872 625 plerique

275 645 454 698 aetatis
488 659 601 699 sua:
654 644 896 714 praefecti
956 655 1008 700 et
1063 646 1233 700 duces
1289 647 1548 701 honorari
1599 648 1872 711 solebant,

275 736 482 806 quippe
533 737 791 792 virtutem
846 739 967 792 sine
1003 738 1258 793 mercede
1297 740 1478 793 colere
1517 749 1646 794 ante
1688 742 1873 794 omnia

276 831 498 884 amabat
527 838 582 883 et
604 829 918 885 actionibus
943 831 1246 886 conditioni
1279 847 1392 886 sua:
1414 833 1874 901 congruentibus.

1982 557 2039 610 ἐν
2073 576 2131 610 τε
2165 560 2400 628 πράξεσι
2432 561 2525 614 καὶ
2554 562 2793 630 νοήμασι
2826 563 2922 615 καὶ
2953 567 3348 634 στρατηγικαῖς
3373 567 3564 634 ἐμπει-

1985 647 2162 717 ρίαις·
2197 650 2294 702 καὶ
2341 650 2511 714 πολὺς
2554 646 2623 723 ἦν
2664 653 2722 703 ὲν
2768 651 3069 720 συλλόγοις,
3118 653 3175 705 ὲν
3217 653 3463 723 ἀγοραῖς,
3512 657 3571 708 ὲν

1984 741 2236 811 θεάτροις
2279 742 2354 804 ὼς
2385 744 2480 796 καὶ
2506 745 2616 805 τοῖς
2661 743 2945 813 βασιλεῦσι
2971 741 3247 812 γνώριμος
3272 744 3348 797 ὣν
3373 746 3435 798 ἐκ
3477 746 3571 814 γέ-

1985 852 2139 900 νους,
2169 836 2284 899 τοῖς
2313 834 2552 904 πρώτοις
2586 837 3006 906 συναριθμεῖται
3035 838 3413 908 συγκλητικοῖς
3431 880 3444 901 ,
3473 837 3572 906 ἄρ-

277 941 435 995 χουσι
479 927 572 982 καὶ
616 930 949 999 στρατηγοῖς
1022 930 1134 992 τοῖς
1183 929 1400 999 μεγάλα
1444 927 1806 998 δυναμένοιςο
1850 929 1909 993 ὃς
1948 928 2074 995 ὀξὺς
2125 928 2201 984 ὢν
2255 930 2398 984 κατὰ
2445 932 2540 985 τὸν
2587 931 2967 1002 Θεμιστοκλέα
3058 931 3150 985 καὶ
3190 930 3571 999 ’Λλκιῦιάδηνν

283 1021 598 1090 στρατηγὸς
682 1019 1072 1076 ἀναδείκνυται
1144 1021 1240 1073 καὶ
1286 1021 1449 1084 αὐτὸς
1491 1021 1586 1073 καὶ
1627 1022 1756 1090 νικᾷ
1815 1020 2087 1092 πολέμους
2130 1022 2420 1086 πλείστους
2465 1022 2839 1093 βαρϐαρικοὺς
2913 1024 3279 1092 κατακράτος.
3311 1023 3409 1075 ⁸ον
3449 1022 3587 1092 ἰδὼν,

283 1117 535 1185 Ὅμηρος
565 1110 721 1169 εἶπεν
749 1117 818 1170 ἂν
851 1117 1013 1185 σοφὸν
1045 1117 1240 1187 βουλάς
1297 1135 1355 1171 τε
1397 1116 1670 1187 -ὲξὰρχειν
1719 1119 1957 1188 ἀγαθὰς,
1989 1120 2228 1191 πόλεμον
2258 1137 2319 1172 τε
2351 1119 2646 1190 κορύσσειν
2671 1137 2686 1153 ο
2721 1123 2815 1175 καὶ
2844 1121 2946 1174 ὅσα
2977 1121 3113 1175 ἄλλα
3141 1121 3267 1178 τοὺς
3296 1120 3484 1195 ἥρωάς
3512 1137 3575 1174 τε

281 1209 377 1260 καὶ
410 1210 645 1280 ῥήτορας
669 1225 684 1242 ο
721 1212 818 1264 καὶ
875 1212 1301 1282 ἀνδρειοτάτους
1360 1213 1472 1266 τῶν
1507 1213 1781 1284 Ἑλλήνων
1839 1213 2081 1284 ἔφασκεν
2135 1215 2413 1281 ἐπαινῶν,
2447 1216 2593 1268 κατὰ
2638 1216 2738 1285 τὴν
2773 1214 2972 1271 Ἰλιάδα
3002 1217 3098 1270 καὶ
3135 1215 3448 1277 Ὀδύσσειαν
3481 1224 3577 1275 καὶ

281 1301 462 1354 δέλτον
486 1347 499 1369 ,
533 1305 591 1354 ἐν
619 1304 859 1376 ὲμμελίᾳ
927 1310 1211 1377 ποιητικῇ.
1243 1308 1423 1378 Ἔχων
1476 1309 1534 1361 δὲ
1603 1311 1971 1380 μεγαφρονεῖν
1997 1309 2093 1362 ἐπὶ
2121 1309 2337 1372 τούτοις
2366 1309 2764 1380 κατορθώμασι
2795 1312 2894 1364 καὶ
2925 1308 3364 1379 πλεονεκτήμασι
3399 1310 3489 1360 καὶ
3520 1301 3578 1360 τὸ

283 1395 452 1448 καλοῦ
499 1398 701 1461 παντὸς
747 1398 894 1452 ίδέαν
939 1398 1087 1470 ἔχειν
1129 1402 1190 1454 ὲν
1228 1401 1398 1471 ψυχῇ,
1436 1402 1690 1472 οὐδαμῶς
1730 1401 1890 1454 τοῦτο
1928 1403 2100 1454 ἐποίει
2127 1415 2139 1428 ⁸
2175 1401 2312 1454 ἀλλὰ
2369 1399 2624 1463 ταπεινὸς
2685 1396 2752 1470 ἦν
2783 1401 2879 1454 καὶ
2921 1403 3161 1472 μέτριος,
3196 1401 3252 1463 ὅς
3281 1416 3343 1468 γε
3370 1399 3465 1451 οὐκ
3498 1397 3575 1449 εί⁶

284 1494 439 1547 κόσιν
484 1494 605 1548 οὐδὲ
653 1495 881 1565 στήλαις
928 1498 1222 1567 μεγίσταις
1263 1498 1422 1568 ἠξίου
1462 1500 1884 1570 θαυμάζεσθαι,
1922 1499 2176 1570 καθάπερ
2210 1499 2398 1553 πολλοὶ
2452 1499 2560 1552 τῶν
2614 1500 2899 1570 ἡγεμόνων
2966 1501 3060 1553 καὶ
3091 1496 3433 1569 στρατηγῶν,
3463 1490 3579 1548 ἀλλ’

286 1585 472 1657 ἔργοις
521 1588 831 1654 καλλίστοις
877 1592 1076 1660 ἐκείνῳ
1117 1610 1175 1646 τε
1222 1595 1316 1647 xui
1356 1595 1424 1664 τῇ
1471 1594 1682 1646 ἐκείνου
1727 1593 1890 1662 φύσει
1925 1591 2072 1662 μάλα
2104 1592 2498 1664 προσήκουσιν.

1801 1740 1871 1792 Et
1909 1744 2027 1802 post
2063 1753 2237 1806 pauca
2262 1753 2279 1790 :

359 1848 734 1918 Agatliouicus
783 1851 1154 1921 triumphator
1204 1869 1314 1908 non
1365 1855 1678 1910 temeritate
1733 1855 1884 1908 irave
1914 1857 1963 1917 Β

295 1941 597 2009 perductus
643 1957 728 1996 res
756 1944 1054 2012 praeclaras
1102 1947 1231 2001 dum
1267 1948 1591 2017 imperaret.
1652 1949 1884 2018 peregit,

263 2034 386 2089 sed
419 2035 763 2091 humanitate
795 2048 846 2091 et
873 2038 1042 2091 animi
1075 2040 1478 2109 magnitudine,
1517 2041 1589 2094 ita
1620 2050 1679 2094 ut
1704 2041 1856 2094 omni

292 2126 394 2180 bus
425 2126 548 2180 vitze
583 2135 639 2180 et
692 2144 904 2182 morum
961 2130 1243 2200 exemplar
1278 2131 1392 2185 sit:
1428 2140 1580 2186 certe
1614 2132 1725 2186 ﬁeri
1773 2148 1888 2186 non

291 2224 472 2285 potest
501 2228 561 2272 ut
597 2217 698 2288 ipsi
732 2222 1074 2290 superiorem
1110 2223 1383 2276 invenias.
1411 2222 1502 2278 Sic
1549 2225 1696 2278 enim
1728 2223 1886 2279 fortis

293 2319 410 2364 erat
443 2310 613 2364 animi
655 2323 712 2365 ut
745 2329 832 2366 res
887 2314 1174 2384 plerasque
1215 2315 1373 2369 llocci
1403 2313 1628 2380 faceret,
1680 2324 1735 2368 et
1774 2315 1884 2368 vir-

298 2412 470 2456 tutem
537 2403 772 2459 colendo
832 2405 1076 2475 seipsum
1139 2406 1231 2461 Dei
1282 2407 1506 2462 domum
1540 2417 1594 2462 et
1646 2407 1886 2477 Spiritus

294 2496 474 2550 sancti
532 2497 908 2552 habitaculum
947 2501 1337 2556 constitueret.
1390 2502 1458 2558 Ut
1490 2503 1675 2572 paucis
1700 2504 1882 2581 absol-

295 2604 442 2652 vam,
482 2587 564 2643 sic
601 2589 763 2645 unice
805 2591 1012 2645 vivitur
1068 2591 1342 2657 feliciter;
1389 2595 1469 2648 sic
1505 2603 1720 2648 tantum
1791 2609 1884 2663 per

298 2679 560 2733 virtutem
596 2682 650 2734 in
685 2680 779 2735 Dei
812 2682 1092 2736 civitatem
1125 2684 1255 2738 itur.
1313 2683 1451 2739 Cum
1483 2685 1630 2739 enim
1663 2698 1888 2742 auctore

295 2769 525 2825 Platone
566 2773 761 2842 triplex
801 2775 874 2828 sit
905 2775 1089 2829 anima
1126 2786 1398 2846 quatenus
1441 2779 1665 2850 cogitat,
1722 2780 1890 2834 sentit

297 2871 353 2917 et
387 2865 757 2934 concupiscit,
812 2867 1121 2936 cogitainus
1169 2869 1412 2941 quidem,
1469 2871 1614 2925 sicui
1663 2871 1744 2926 fas
1783 2882 1887 2938 est,

299 2969 443 3024 saape
463 2965 648 3011 autem
675 2974 940 3014 sensuum
966 2961 1015 3016 vl
1055 2977 1400 3030 superamur,
1431 2972 1527 3018 aut
1555 2963 1739 3019 illicita
1763 2980 1894 3020 con-

2076 1851 2433 1919 Ἀγαθόνικος
2463 1847 2560 1905 οὖν
2589 1854 2617 1904 ὁ
2645 1850 3053 1920 τροπαιοφόρος
3084 1849 3142 1902 ού
3178 1847 3354 1917 θυμοῦ
3396 1849 3575 1920 ῥώμῃ,

1995 1944 2105 1997 οὐδ’
2137 1944 2312 2014 ὀργῆς
2342 1945 2590 2015 ἀμετρία
2625 1942 2695 1996 τὰ
2733 1945 2986 2013 ἐπίσημα
3038 1945 3141 2010 τῆς
3179 1941 3358 2013 ἀρχῆς
3390 1942 3578 2010 ἐποιή-

1997 2053 2151 2092 σατο·
2181 2037 2319 2090 ἀλλὰ
2349 2037 2768 2107 φιλανθρωπίαν
2795 2039 2889 2090 καὶ
2917 2035 3330 2106 μεγαλοψυχίαν
3353 2037 3418 2088 τὰ
3448 2035 3580 2106 κρά-

1994 2145 2152 2182 τιστα
2207 2131 2615 2199 εἰσηνέγκατο·
2671 2127 2805 2182 ὥσθ’
2862 2129 2978 2198 ὅροι
3032 2123 3174 2182 εἶναι
3227 2127 3581 2196 σωφροσύνης

1996 2223 2167 2276 πᾶσιν
2202 2221 2520 2293 ἀνθρώποις
2547 2223 2641 2277 τὸν
2675 2223 2890 2275 ἐκείνου
2921 2222 3038 2292 βίον
3073 2223 3170 2275 καὶ
3216 2223 3416 2292 τρόπον
3443 2237 3455 2253 ο
3488 2223 3582 2275 καὶ

2000 2315 2207 2384 μηδένα
2233 2314 2481 2385 ἐξευρεῖν
2511 2315 2659 2386 ἔχειν
2687 2315 2898 2385 βέλτιον
2927 2313 3152 2385 τῶν-ὐπ’
3178 2315 3372 2384 ἐκείνῳ
3397 2313 3580 2384 μηδέν·

1996 2408 2142 2464 οὕτω
2172 2409 2284 2478 γὰρ
2318 2408 2502 2479 ψυχὴν
2530 2408 2848 2480 ὲῤῥύθμησε
2885 2408 2979 2461 καλ⁸
3015 2407 3124 2462 τῶν
3153 2408 3279 2478 τῆδε
3313 2424 3582 2477 καταφρο-

1998 2503 2110 2554 νεῖν
2139 2501 2423 2554 άνέπεισε’
2452 2503 2548 2554 καὶ
2581 2501 2720 2573 πρὸς
2775 2502 2842 2555 τά
2874 2500 3135 2570 βέλτιστα
3185 2500 3579 2570 μετεσκεύασεε⁹

2001 2595 2094 2648 καὶ
2124 2594 2306 2648 οἰκίαν
2335 2593 2472 2646 Θεοῦ
2503 2595 2845 2663 κατέστησεν
2879 2594 3095 2658 ἑαυτὸν,
3130 2595 3222 2646 καὶ
3253 2594 3458 2662 δοχεῖον
3485 2591 3579 2645 τοῦ

2000 2686 2348 2755 Πνεύματος·
2376 2687 2426 2738 εί
2459 2686 2544 2739 δεῖ
2567 2688 2865 2756 κεφάλαιον
2915 2687 3260 2758 προσειπεῖν,
3292 2685 3366 2747 ὡς
3415 2687 3581 2755 μόνην

1999 2777 2205 2847 ταύτην
2233 2776 2402 2831 οὖσαν
2435 2779 2732 2846 εύδαιμονα
2772 2777 2983 2848 βιοτήν·
3015 2778 3074 2841 ὃς
3109 2781 3270 2849 μόνος
3317 2779 3440 2848 ὅρος
3465 2778 3581 2829 ἐστὶ

1998 2869 2102 2938 τῆς
2135 2870 2258 2923 κατ’
2291 2870 2495 2939 ἀρετὴν
2529 2871 2834 2942 εύκληρίας
2865 2873 2961 2925 καὶ
2990 2871 3090 2940 τῆς
3142 2874 3284 2924 κατὰ
3317 2870 3448 2923 Θεὸν
3484 2863 3579 2923 που

1994 2964 2205 3024 λιτείας
2238 2965 2334 3017 καὶ
2367 2965 2601 3030 τάξεως.
2648 2964 2835 3034 Τριῶν
2877 2966 2986 3036 γὰρ
3021 2965 3212 3029 ὄντων,
3267 2963 3403 3034 φησὶ
3434 2964 3578 3016 Πλά-

299 3045 659 3114 eupiscimus,
696 3049 748 3103 id
776 3059 881 3116 est,
918 3067 1038 3121 quae
1068 3054 1230 3109 nobis
1255 3055 1407 3110 nullo
1439 3057 1602 3111 modo
1627 3058 1892 3126 prodesse

2003 3073 2126 3124 των,
2153 3056 2260 3110 τῶν
2293 3056 2477 3126 μερῶν
2507 3057 2607 3125 τῆς
2629 3057 2839 3128 ψυχῆς,
2863 3057 3190 3125 λογιστικὸν,
3213 3056 3461 3126 θυμικὸν,
3487 3056 3580 3108 καὶ

301 3150 555 3200 possunt.
613 3141 996 3211 Agathonicus
1057 3146 1226 3216 igitur
1284 3146 1340 3201 in
1377 3149 1638 3204 omnibus
1690 3151 1894 3218 primas

2003 3149 2428 3220 ἐπιθυμητικὸν,
2466 3150 2562 3203 καὶ
2609 3153 2719 3202 τῶν
2761 3153 2860 3220 μὲν
2904 3151 2984 3220 τῷ
3033 3151 3332 3219 λογιστικῷ
3360 3150 3577 3220 χρωμέ-

302 3233 449 3297 tulit,
479 3236 729 3290 omnium
779 3236 1048 3308 suffragia
1081 3239 1344 3294 obtinuit.
1393 3241 1606 3310 Ingenii
1657 3243 1898 3299 habebat

303 3334 540 3394 tantum,
575 3336 637 3382 ut
681 3330 892 3385 modica
947 3331 1069 3398 ejus
1118 3334 1516 3390 exercitatione
1555 3351 1680 3390 cum
1715 3336 1896 3406 digni-

303 3427 414 3474 tate
438 3420 626 3476 vivere
661 3432 848 3492 posset
900 3434 1064 3492 atque
1121 3424 1194 3478 ita
1231 3435 1290 3478 ut
1322 3425 1464 3480 nihil
1492 3442 1720 3496 prorsus
1748 3428 1800 3480 in
1832 3442 1898 3480 eo

247 3513 252 3517 “
301 3511 730 3568 desideraretur.
773 3515 850 3569 De
900 3516 1263 3586 intelligentia
1310 3519 1431 3587 ejus
1490 3521 1620 3589 quid
1678 3522 1899 3576 dicam?

304 3605 577 3662 Virtutem
631 3617 686 3662 et
739 3608 1030 3665 facultates
1079 3611 1348 3666 humanas
1396 3613 1623 3668 n‘overa't
1667 3629 1790 3681 quas
1829 3614 1895 3666 ad

303 3699 623 3755 felicitatem
657 3702 962 3771 perducere
993 3707 1211 3772 valent;
1243 3704 1672 3775 imprudentiam
1711 3714 1896 3758 autem

305 3810 368 3848 ac
405 3795 580 3866 nugas
623 3797 733 3867 jam
789 3799 858 3853 ab
893 3799 1265 3855 adolescentia
1307 3800 1530 3869 abjecit.
1581 3797 1897 3856 Reticentia

307 3888 430 3959 ejus
459 3900 630 3954 tanta,
657 3904 860 3961 quanta
894 3893 1204 3949 Anacharsi
1231 3894 1525 3957 suadente,
1554 3907 1678 3947 esse
1703 3893 1896 3960 debet;

309 3982 612 4036 secundum
645 3978 1007 4054 Pythagoram
1068 3996 1250 4038 autem
1308 3981 1527 4036 dicebat
1575 3997 1902 4052 quacunque

309 4075 521 4130 ratione
551 4076 796 4131 abscindi
827 4077 1032 4132 debere
1091 4091 1121 4130 a
1157 4089 1390 4145 corpore
1423 4075 1695 4140 morbum,
1737 4085 1804 4138 et.
1833 4076 1901 4130 ab

310 4169 491 4224 anFma
524 4169 910 4240 ignorantiam,
947 4183 1234 4224 sermones
1267 4181 1400 4221 vero
1443 4167 1634 4224 inanes
1673 4168 1901 4224 omnino

311 4260 648 4314 damnandos
675 4275 816 4324 esse,
855 4261 996 4316 sicut
1021 4261 1187 4314 etiam
1212 4243 1689 4327 intemperantiam
1718 4270 1772 4313 et
1799 4259 1900 4314 im-

311 4353 762 4420 moderationem,
804 4365 862 4407 ut
898 4352 1048 4408 brevi
1089 4351 1389 4407 absolvam.
1431 4351 1515 4407 Ab
1555 4352 1632 4406 ira
1682 4367 1901 4422 quoque

310 4444 448 4499 adeo
476 4445 579 4500 sibi
606 4446 945 4515 temperabat
981 4454 1040 4500 ut
1090 4460 1288 4499 manus
1319 4446 1532 4501 elevata
1580 4453 1635 4500 et
1681 4461 1899 4501 servum

311 4539 535 4609 jamjam
588 4541 944 4595 verberatum
984 4539 1276 4595 deciderit.
1327 4539 1617 4611 Nunquam
1649 4542 1899 4605 convivia

312 4633 698 4702 retorquebat;
759 4632 1124 4687 humanitatis
1180 4632 1318 4688 adeo
1351 4648 1547 4688 amans
1579 4643 1718 4700 erat,
1755 4646 1814 4687 ut
1847 4634 1902 4687 in

275 4709 551 4780 amando
596 4741 710 4781 non
760 4742 888 4781 raro
923 4727 1148 4780 modum
1203 4727 1524 4792 excederet,
1573 4726 1709 4787 adeo
1760 4743 1898 4797 prae-

313 4826 533 4887 ceptum
592 4818 865 4884 divinum,
928 4818 1078 4888 quod
1131 4819 1446 4889 proximum
1503 4835 1659 4889 atque
1722 4835 1786 4875 ac
1847 4835 1906 4876 se

311 4908 492 4976 ipsum
518 4922 706 4962 amare
753 4908 931 4978 jubet,
963 4909 1323 4978 sequebatur.
1372 4911 1554 4965 Animi
1589 4911 1730 4966 idem
1774 4926 1908 4966 con-

313 5000 511 5056 Stantia
544 5015 610 5055 ac
631 5000 955 5056 fortitudine
979 5014 1262 5071 praestans,
1290 5020 1396 5059 non
1425 5005 1733 5074 periculum
1766 5006 1906 5060 exti-

313 5093 611 5157 mescebat,
658 5109 768 5148 non
819 5095 1087 5150 bonorum
1136 5099 1432 5168 jacturam,
1473 5114 1581 5153 non
1615 5099 1902 5154 domorum

315 5186 757 5255 possessionem,
801 5203 913 5243 non
952 5204 1236 5244 servorum
1292 5191 1415 5262 plus
1455 5207 1621 5260 quam
1666 5190 1747 5246 fas
1799 5200 1906 5256 est,

316 5278 642 5342 affectabat;
709 5282 823 5336 vita
878 5281 996 5352 ipsa
1051 5285 1102 5337 in
1155 5284 1306 5338 nullo
1358 5285 1738 5339 mstitnationis
1789 5283 1910 5337 loco

315 5371 458 5440 apud
489 5387 616 5428 eum
651 5383 769 5428 erat
803 5372 1100 5430 dummodo
1135 5391 1165 5430 e
1220 5375 1311 5430 Dei
1369 5375 1611 5430 amicitia
1649 5384 1706 5429 et
1746 5373 1909 5427 fami-

314 5462 554 5518 liaritate
589 5479 698 5518 non
724 5465 1026 5521 excideret.
1057 5465 1386 5522 Castitatem
1409 5482 1574 5538 porro
1605 5482 1669 5521 ac
1698 5466 1908 5520 sobrie-

321 5565 487 5610 tatem
531 5573 654 5626 qute
711 5557 964 5614 homines
1014 5560 1150 5630 ipsis
1201 5560 1412 5631 angelis
1464 5559 1738 5613 assimilat—
1785 5558 1910 5627 quis

319 5648 465 5702 sicut
501 5649 593 5704 ille
631 5651 802 5704 coluit
827 5651 849 5704 ?

1999 3260 2108 3295 νων
2136 3241 2212 3306 ὡς
2261 3242 2433 3307 είκὸς,
2464 3243 2559 3295 τοῦ
2608 3243 2784 3314 θυμοῦ
2819 3244 2876 3297 δὲ
2927 3244 3267 3314 ἡττωμένων
3301 3243 3578 3305 πολλάκις,

1999 3336 2176 3390 ἄλλων
2207 3335 2264 3388 δὲ
2314 3337 2735 3406 ἐπιθυμούντων
2775 3337 2811 3392 ἃ
2849 3338 2924 3408 μὴ
2961 3337 3230 3407 προσῆκε,
3267 3337 3483 3390 πάντων
3513 3337 3578 3402 δ’,

2001 3430 2076 3491 ὼς
2111 3428 2244 3494 ἔπος
2270 3431 2470 3494 εἰπεῖν,
2502 3429 2740 3499 οὐδαμοῦ
2785 3431 2900 3492 τοῖς
2933 3430 3076 3492 ὅλοις
3108 3429 3217 3482 τῶν
3249 3427 3542 3498 βελτίστων
3563 3445 3575 3457 ·

2013 3518 2366 3586 Ἀγαθόνικος
2419 3519 2598 3572 δεινὸν
2637 3519 2842 3589 ὥσπερ
2891 3520 3219 3590 ἡγούμενος,
3270 3519 3318 3571 εί
3375 3518 3449 3589 μὴ
3478 3520 3580 3570 κάν

2001 3610 2217 3673 τούτοις
2250 3611 2478 3680 προέχοι
2495 3610 2606 3663 τῶν
2637 3611 2838 3677 ἄλλων,
2880 3609 3017 3681 μηδὲ
3040 3611 3141 3680 τὴν
3176 3611 3345 3680 μείζω
3366 3612 3584 3681 φέροιτο

2001 3701 2203 3771 ψῆφον,
2234 3705 2555 3773 φρονήσεως
2593 3703 2693 3772 μὲν
2727 3704 2987 3756 τοσοῦτον
3026 3707 3280 3773 μετεῖχεν
3311 3701 3496 3772 ὥσπερ
3521 3703 3584 3755 ἂν

2005 3796 2052 3846 εἰ
2079 3794 2166 3847 διὰ
2197 3794 2314 3863 βίου
2357 3795 2568 3857 παντὸς
2623 3796 2795 3863 μόνην
2846 3795 3056 3862 ταύτην
3100 3795 3213 3866 ἔχει
3270 3794 3500 3864 μελέτην
3530 3813 3582 3846 τε

2004 3889 2102 3941 καὶ
2138 3887 2403 3958 σπουδὴν,
2435 3887 2529 3940 τὸν
2561 3887 2690 3940 νοῦν
2735 3888 3029 3956 καθαίρειν
3075 3905 3133 3939 τε
3175 3889 3270 3940 καὶ
3303 3887 3585 3940 λεπτύνειν

2005 3981 2100 4032 καὶ
2136 3981 2262 4050 μηδ’
2314 3981 2466 4043 ὅπως
2496 3998 2551 4033 τι
2585 3979 2680 4033 οῦν
2712 3980 3059 4048 ἐλλελεῖφθαι
3083 3997 3097 4011 ⁸
3135 3983 3229 4033 τοῦ
3277 3979 3584 4047 λογιστικοῦ

2004 4072 2163 4125 τοῦτό
2198 4090 2262 4140 γε
2301 4072 2458 4135 εἰδὼς
2483 4071 2692 4143 ἀρετὴν
2734 4072 2830 4125 καὶ
2859 4071 3094 4142 δύναμιν
3125 4073 3218 4141 τῆς
3253 4073 3360 4124 τῶν
3383 4073 3590 4141 ἀνθρώ-

2007 4183 2124 4218 πων
2163 4165 2517 4235 εὐδαιμονίας
2548 4167 2841 4234 ποιητικήν
2868 4181 2879 4192 ·
2913 4164 3230 4234 ἀφροσύνην
3265 4163 3320 4216 δὲ
3361 4164 3458 4235 την
3487 4163 3588 4216 κά-

2006 4273 2174 4311 κιστα
2209 4257 2595 4328 ἀπολλυμένην
2617 4297 2630 4321 ,
2669 4255 2931 4322 καθάπαξ
2971 4257 3279 4310 ἀπεὸάλετο
3312 4259 3376 4310 ἐκ
3404 4259 3590 4327 νεότηο

2005 4368 2120 4415 τος·
2152 4349 2404 4418 γλώττης
2436 4349 2498 4402 δὲ
2532 4349 2789 4403 τοσοῦτον
2823 4349 3132 4420 ἐκράτησεν
3156 4350 3279 4402 ὅσον
3320 4350 3590 4419 Ἀνάχαρ-

2012 4457 2096 4502 σις
2133 4442 2424 4496 ἐκέλευσεν
2453 4446 2480 4495 ὁ
2511 4443 2675 4509 σοφός
2701 4458 2715 4474 ο
2756 4442 2854 4494 καὶ
2877 4441 3024 4494 κατά
3067 4442 3159 4492 τὸν
3188 4441 3388 4510 Σάμιον
3415 4440 3595 4493 Πυθα-

2012 4534 2184 4604 γόραν
2214 4535 2400 4601 ἔλεγεν
2449 4535 2530 4588 ὅτι
2568 4536 2720 4605 πάσῃ
2769 4537 2987 4604 μηχανῇ
3042 4533 3436 4602 περικοπτέον,
3483 4531 3592 4584 ἀπὸ

2012 4627 2112 4697 μὲν
2141 4626 2399 4696 σώματος
2420 4627 2597 4691 νόσον,
2627 4628 2737 4680 ἀπὸ
2759 4627 2816 4680 δὲ
2837 4626 3022 4697 ψυχῆς
3045 4625 3310 4696 ἀμαθίαν,
3335 4626 3429 4677 καὶ
3456 4625 3592 4696 πρὸς

2006 4723 2068 4774 τὺ
2097 4721 2285 4790 μηδὲν,
2321 4719 2440 4772 δέον
2475 4720 2552 4789 μὴ
2585 4720 3021 4772 καταναλίσκειν
3055 4719 3272 4792 λόγουςή
3309 4719 3403 4771 καὶ
3426 4717 3498 4779 ὡς
3534 4722 3592 4770 ἐν

2011 4810 2294 4880 κεφαλαίῳ
2329 4811 2521 4879 φάναι,
2579 4811 2642 4863 ἐκ
2674 4809 2895 4863 πάντων
2944 4811 3053 4862 τῶν
3089 4809 3399 4878 αἰσθήσεων
3452 4811 3594 4879 ἀμε-

2008 4904 2171 4973 τρίαν
2203 4905 2298 4956 καλ⁵
2330 4903 2407 4972 μὴ
2439 4902 2546 4967 ἔξω
2575 4902 2673 4955 τοῦ
2701 4901 2900 4971 καιροῦ
2929 4903 3170 4956 πίπτειν.
3205 4901 3390 4972 Θυμοῦ
3418 4901 3474 4954 δὲ
3508 4917 3594 4953 το-

2012 4997 2204 5050 σοῦτον
2234 4997 2544 5067 ἐκράτησεν
2579 4995 2656 5059 ὡς
2691 4997 2784 5048 καὶ
2814 4996 2914 5065 τὴν
2955 4997 3114 5065 χεῖρα
3146 4995 3593 5064 άπαιωρηθεῖσαν

2013 5089 2280 5153 πολλάκις
2309 5091 2611 5159 κατασχεῖν
2643 5090 2738 5142 καὶ
2774 5088 3044 5160 μηδαμῶς
3076 5088 3241 5154 τύψαι
3274 5089 3367 5140 τὸν
3397 5088 3590 5140 ἑαυτοῦ

2011 5181 2224 5237 δοῦλον⁶
2257 5183 2382 5254 μηδ’
2416 5183 2486 5236 αὖ
2513 5183 2601 5236 διὰ
2635 5182 2886 5251 γλώττης
2909 5182 3180 5254 λοιδορίαν
3213 5181 3596 5251 κατεγνωσμέ-

2016 5295 2115 5344 νην
2153 5278 2572 5346 προσενεγκεῖν·
2605 5276 3024 5346 φιλανθρωπίαν
3067 5276 3122 5328 δὲ
3167 5274 3342 5338 οὕτως
3376 5275 3596 5342 ἐφίλησε

2015 5370 2114 5422 καὶ
2145 5369 2507 5440 κατώρθωσε·
2545 5371 2638 5422 καὶ
2663 5367 2806 5421 οὓτω
2839 5367 3045 5436 ταύτης
3077 5367 3337 5438 ὲξείχετο,
3389 5365 3461 5428 ὡς
3495 5382 3599 5435 μα-

2018 5463 2167 5524 νικὸς
2198 5479 2284 5524 τις
2309 5457 2379 5532 ἦν
2411 5463 2675 5532 ἐραστήςο
2709 5463 2806 5514 καὶ
2835 5461 2979 5514 κατὰ
3001 5462 3092 5513 τὸν
3139 5461 3287 5513 θεῖον
3327 5460 3594 5530 χρησμὸν,

2020 5557 2111 5608 τὸν
2138 5556 2372 5624 πλησίον
2401 5558 2478 5617 ὡς
2533 5554 2731 5608 ἑαυτὸν
2765 5555 2921 5622 άγειν
2967 5555 3063 5608 καὶ
3109 5555 3276 5624 τιμᾷν
3301 5594 3316 5618 ,
3369 5554 3597 5622 ῖσον“τῇ

2023 5648 2219 5702 ἑαυτοῦ
2275 5649 2513 5718 κεφαλῇ.
2567 5648 2852 5719 Καρτερία
2878 5647 2933 5700 δὲ
2993 5646 3226 5718 μεγίστῃ
3259 5647 3351 5698 καὶ
3381 5643 3601 5716 ἀνδρεία

320 5747 584 5815 προσεῖχε
615 5747 708 5802 καὶ
753 5746 1156 5818 μεγαλοψυχία,
1190 5746 1266 5807 ὼς
1295 5745 1392 5798 καὶ
1419 5743 1622 5808 ἔξωθεν
1653 5743 2096 5812 ἐπιφερομένους
2140 5741 2422 5805 κινδύνους
2453 5743 2618 5813 μηδέν
2645 5759 2698 5794 τι
2729 5739 2975 5811 νομίζειν
3017 5741 3112 5794 καὶ
3152 5737 3464 5806 ἀποδειλιᾷν
3491 5753 3504 5767 ο
3537 5738 3598 5790 ού

323 5841 627 5914 χρημάτων
679 5844 971 5916 ἀφαίρεσιν
996 5861 1008 5874 ’
1033 5844 1094 5896 οὐ
1129 5842 1333 5905 πλῆθος
1361 5841 1573 5896 οἰκιῶν·
1604 5841 1704 5895 οὔκ
1727 5841 2038 5912 ἀνδράποδα
2061 5855 2074 5870 ·
2110 5840 2209 5894 οὐκ
2241 5841 2371 5894 αὐτὸ
2407 5841 2465 5892 τὸ
2499 5842 2772 5910 περιεῖναι
2796 5840 2885 5891 καὶ
2919 5839 3016 5910 ζῇν
3041 5855 3053 5871 ο
3081 5838 3178 5891 οὐκ
3213 5837 3337 5890 ἄλλο
3363 5834 3600 5891 τοιοῦτον
