4070 6530
435 416 566 478 ῙΞΣΠ

1470 412 1771 476 ORATIO
1817 412 1895 471 1N
1942 412 2004 472 S.
2055 412 2637 474 AGATIIONICUM.

430 530 606 592 οὐδὲν,
648 527 696 579 εί
745 525 822 596 μὴ
857 525 1020 595 μόνον
1051 526 1112 580 τὸ
1145 526 1404 580 ἐκπεσεῖν
1432 524 1532 594 τῆς
1573 524 1664 578 τοῦ
1701 523 1839 577 Θεοῦ
1874 523 2057 593 φιλίας
2088 526 2184 577 καὶ⁴
2226 524 2585 594 οἰκειότητος·
2626 523 2931 594 παρθενίαν
2957 525 3013 579 δὲ
3069 527 3160 582 καὶ
3195 531 3554 601 σωφροσύνην
3591 536 3691 603 τήν

431 621 658 692 πλησίον
694 622 791 674 καὶ
823 620 960 690 μετά
990 618 1236 690 ἀγγέλων
1266 618 1395 682 τοὺς
1428 618 1749 688 ἀνθρώπους
1781 617 2040 682 τιθεῖσαν,
2073 617 2156 700 τίς
2187 615 2358 678 οὕτως
2391 617 2464 677 ὡς
2501 615 2656 679 οὗτος
2687 617 3011 686 ὴγάπησεν;

1803 711 1807 716 ’
1859 735 1925 788 Et
1965 752 2090 806 pag.
2129 734 2234 790 71.9
2269 750 2281 786 ε

501 859 634 923 Θεδς
663 858 790 921 τοὺς
815 857 1139 923 δοξάζοντας
1170 854 1335 909 αὐτὸν
1361 853 1577 920 δοξάζει
1609 853 1706 908 καὶ
1725 855 1818 907 τὸν
1843 855 2006 907 αὐτοῦ

2189 854 2330 911 Deus
2381 857 2472 925 qui
2537 873 2724 912 servos
2775 874 2908 916 suos
2963 862 3248 932 gloriﬁcat,
3297 863 3691 935 Agathonicum

437 952 692 1022 μάρτυρα
729 951 1106 1018 Ἀγαθόνικον,
1142 948 1252 1025 ,σὺν
1286 947 1471 1012 πολλῷ
1503 945 1582 1014 τῷ
1626 946 1874 1017 περιόντι
1913 946 2003 998 καὶ

431 1045 668 1116 τὴν-τῶν
701 1041 1000 1111 θαυμάτων
1042 1041 1328 1109 ἐνέργειαν
1362 1037 1760 1106 ἀποχαρίζεται
1790 1038 1855 1090 ἐκ
1881 1037 2005 1090 τότε

431 1135 529 1189 καὶ
559 1135 727 1203 μέχρι
761 1132 858 1185 τοῦ
886 1132 1000 1196 νῦν,
1031 1133 1174 1185 κατά
1196 1130 1294 1202 τὴν
1321 1130 1479 1182 πόλιν
1504 1128 1597 1181 τοῦ
1632 1130 1858 1197 Σήλυος,
1885 1127 2005 1181 καθ’

431 1229 498 1298 ἣν
527 1227 665 1295 δῆτα
696 1227 790 1279 καὶ
814 1226 846 1294 ἡ
873 1223 1065 1276 τούτου
1119 1222 1398 1292 μαρτυρία
1449 1221 1743 1290 γεγένηται
1770 1236 2009 1288 περιφα·

430 1320 536 1380 νῶς
584 1320 678 1371 καὶ
711 1316 941 1380 ἐνδόξως
968 1333 981 1346 ·
1035 1315 1286 1385 καθάπερ
1312 1313 1534 1377 ἐδόξασε
1587 1314 1683 1367 καὶ
1721 1314 1778 1366 ἐν
1812 1311 2003 1374 ἄλλαις

321 1465 332 1481 ⁴
432 1413 654 1465 πόλεσιν
677 1410 897 1477 ἐτέρους
928 1408 1218 1478 μάρτυρας
1265 1407 1340 1468 ὠς
1380 1405 1574 1476 ἴσμεν·
1610 1405 1702 1459 τόν
1762 1421 1821 1458 τε
1848 1420 2006 1474 περι-

431 1505 573 1575 φανῆ
611 1503 815 1573 δηλαδὴ
849 1500 945 1555 καὶ
970 1499 1368 1568 τροπαιοφόρον
1397 1497 1707 1566 Γεώργιον,
1739 1493 1796 1548 ἐν
1841 1498 2003 1549 Καπ-

431 1596 660 1666 παδοκίᾳ
691 1597 788 1664 τῆς
838 1593 1219 1663 Καισαρείας·
1275 1591 1366 1643 τόν
1414 1606 1472 1641 τε
1510 1589 1844 1657 στεφανίτην
1905 1589 2004 1640 κα)⁸

433 1687 781 1758 μυροϐλύτην
832 1685 1148 1754 Δημήτριον
1181 1682 1238 1733 ἐν
1272 1677 1563 1748 Θετταλία·
1613 1679 1670 1731 ἐν
1715 1677 1880 1748 Τύρῳ
1915 1676 2005 1730 τὸν

431 1779 797 1851 περίϐλεπτον
828 1776 922 1829 καὶ
950 1773 1096 1827 θεῖον
1119 1773 1423 1841 Θεόδωρον·
1463 1771 1558 1824 καὶ
1589 1772 1648 1825 ὲν
1677 1770 1869 1832 ἄλλαις
1911 1769 2004 1823 ἄλ·

431 1851 706 1936 λους,’καὶ
730 1869 954 1938 ἐτέρους
982 1869 1036 1919 ἐν
1063 1866 1282 1938 ἑτέραις
1305 1878 1318 1892 ·
1353 1864 1447 1916 καὶ
1485 1863 1629 1931 μάλα
1656 1861 1904 1922 είκότως.
1941 1861 2004 1914 Ei

371 1947 378 1954 ’
432 1964 541 2034 γὰρ
602 1964 712 2025 τοῖς
747 1959 975 2029 Ἕλλησι
1047 1956 1258 2020 πάλαι,
1307 1958 1419 2018 τοῖς
1447 1971 1508 2007 τε
1556 1953 1813 2022 Θηϐαίοις
1862 1952 2005 2020 λέγω

437 2055 700 2124 Πίνδαρον
723 2050 1142 2121 παρασχέσθαι,
1179 2048 1271 2100 καὶ
1311 2045 1563 2109 Βοιωτοῖς
1605 2045 1870 2110 Ἡσίοδον,
1909 2046 2003 2118 καὶ

432 2145 758 2217 Σμυρναίοις
781 2145 1031 2213 Ὅμηρον
1060 2141 1154 2194 καὶ
1180 2139 1360 2202 ἄλλοις
1395 2139 1552 2193 ἄλλον
1584 2140 1663 2200 είς
1694 2137 2003 2207 φιλοτιμίαν

2110 959 2330 1014 quoque
2358 947 2427 1001 ab
2487 948 2643 1002 initio
2695 965 2867 1018 usque
2919 968 3068 1008 nunc
3111 954 3372 1012 facultate
3430 959 3690 1015 miracula
3753 1002 3756 1004 η

2111 1038 2369 1104 operandi
2420 1038 2620 1092 mirum
2657 1040 2711 1094 in
2743 1042 2962 1096 modum
2997 1044 3226 1102 donavit
3261 1049 3316 1102 in
3346 1049 3522 1122 Selyis
3552 1056 3690 1109 urbe

2107 1141 2228 1196 quze
2276 1131 2520 1199 martyrii
2559 1131 2679 1200 ejus
2722 1133 2876 1187 teSLis
2921 1134 3120 1202 fuerat,
3175 1140 3316 1194 sicut
3375 1151 3430 1196 et
3465 1144 3518 1197 in
3569 1147 3691 1202 aliis

2109 1216 2341 1274 urbibus
2397 1220 2539 1275 alios
2588 1233 2858 1293 martyres
2921 1226 3271 1296 gloriliravit,
3323 1244 3452 1288 ante
3497 1251 3689 1293 omnes

2107 1307 2400 1381 Georgium
2435 1313 2700 1369 Cursarem
2731 1316 3106 1385 Cappadociae,
3143 1321 3472 1378 Demetrium
3507 1327 3688 1398 Myro-

2107 1399 2291 1469 hlyten
2326 1400 2382 1454 in
2413 1401 2719 1467 Thessalia,
2755 1403 2881 1474 Tyri
2925 1406 3194 1476 insignem
3225 1410 3472 1465 divinum
3507 1412 3690 1470 Theo-

2107 1489 2326 1554 dorum,
2390 1491 2526 1546 alios
2587 1494 2740 1548 alibi.
2773 1495 2887 1551 Nec
2939 1499 3158 1554 mirum.
3227 1501 3281 1554 Si
3341 1506 3488 1557 enim
3545 1507 3688 1562 inter

2107 1577 2327 1636 Grmcos
2393 1583 2676 1641 Pindarus.
2739 1587 2958 1656 quidem
3013 1589 3218 1646 Thebis
3290 1595 3485 1650 honori
3559 1598 3683 1662 fuit,

2109 1668 2331 1726 BIBMiiS
2394 1672 2703 1740 Hesiodus,
2761 1676 3029 1735 Homerus
3089 1682 3422 1752 Smyrnaeis,
3482 1702 3688 1758 quanto

2110 1764 2283 1832 magis
2312 1764 2379 1818 de
2409 1767 2775 1834 Agathonico,
2803 1770 2977 1824 nobili
3001 1772 3251 1829 veritatis
3278 1791 3688 1848 propugnatore
3713 1785 3730 1797 ί

2108 1851 2332 1923 gloriari
2368 1855 2534 1910 licet!
2564 1859 2880 1930 quicunque
2907 1864 3054 1917 enim
3111 1866 3167 1920 in
3206 1868 3410 1924 celebri
3477 1869 3686 1942 Selym-

2107 1944 2254 2009 hria,
2297 1956 2392 2001 aut
2440 1949 2544 2002 alia
2585 1951 2797 2007 vicinia:
2850 1955 3007 2021 urbe,
3075 1959 3268 2013 morbo
3316 1961 3500 2031 aliquo
3535 1967 3688 2019 labo-

2109 2047 2296 2092 rantes
2325 2039 2390 2092 ad
2421 2042 2673 2111 martyris
2701 2045 2875 2099 nostri
2901 2046 3067 2101 divini
3099 2050 3412 2119 sepulcrum
3461 2070 3680 2122 venere,

2112 2127 2318 2183 relictis
2357 2132 2613 2188 omnibus
2637 2135 2961 2192 morborum
2993 2141 3236 2211 vestigiis
3268 2144 3680 2214 abscesserunt,

431 2209 608 2310 φέρέι,
642 2239 796 2307 πόσῳ
821 2209 1022 2306 μαλλον
1056 2234 1198 2296 εἰκὸς
1233 2231 1374 2303 μέγα
1402 2233 1619 2301 φρονεῖν
1649 2231 1738 2282 ἐπὶ
1765 2229 1841 2299 τῷ
1867 2229 2006 2299 μάρ-

2112 2233 2366 2287 magnum
2395 2221 2799 2291 Agathonicum
2821 2228 3116 2296 gratiarum
3141 2209 3358 2288 actione
3380 2244 3435 2289 et
3463 2236 3684 2306 hymnis

431 2349 555 2402 τυρι
599 2328 936 2398 Ἀγαθονίκῳ
981 2326 1058 2397 τῷ
1091 2325 1326 2393 γενναίῳ
1358 2325 1456 2393 τῆς
1501 2322 1769 2392 ἀληθείας
1801 2324 2004 2390 ἀγωνι-

434 2427 558 2494 στῇ.
602 2423 824 2476 Ὀπόσοι
846 2421 955 2491 γὰρ
989 2417 1289 2490 τηνικαῦτα
1322 2419 1380 2470 ἐν
1411 2419 1480 2488 τῇ
1514 2415 1810 2486 περιφανεῖ
1847 2414 2002 2467 πόλει

433 2520 575 2590 Σηλυ
587 2518 760 2589 μϐρίᾳ
783 2516 879 2570 καὶ
903 2516 1014 2577 τοῖς
1041 2515 1170 2584 περὶ
1200 2511 1368 2582 αὐτὴν
1391 2509 1609 2582 χωρίοις
1640 2510 1890 2580 πονήρως
1913 2507 2004 2561 καὶ

433 2609 675 2671 ἀσθενῶς
702 2605 1046 2671 κατέκειντο,
1077 2605 1326 2665 ἐλθόντες
1360 2604 1427 2672 τῇ
1459 2601 1554 2654 τοῦ
1604 2601 1751 2653 θείού
1789 2600 2002 2670 μάρτυ-

437 2721 529 2774 ρος
546 2703 741 2756 τούτου
768 2700 915 2772 σορῷ
941 2699 1352 2769 ἀπηλλάττοντο
1384 2695 1480 2749 καὶ
1509 2695 1630 2748 ούδέ
1676 2695 1818 2764 ῐχνος
1848 2693 2006 2749 ἀσθεέ

435 2795 582 2858 νείας
607 2793 744 2856 ὅλως
767 2792 1106 2862 κατείχοντο.
1136 2787 1302 2842 Ὀθεν
1325 2788 1420 2841 καὶ
1441 2786 1519 2856 τῷ
1553 2783 2006 2857 μεγαλομάρτυρι

446 2885 783 2957 Ἀγαθονίκῳ
810 2886 907 2948 τὰς
956 2885 1312 2954 εὐχαριστίας
1357 2882 1450 2934 καὶ
1497 2881 1771 2952 ὑμνῳδίας
1807 2881 2007 2951 προσέ-

435 2997 625 3052 φερον.
659 2979 771 3048 Ούχ
793 2972 958 3048 ἦττον
985 2976 1030 3028 δ’
1053 2976 1112 3040 ἐξ
1136 2976 1346 3028 ἐκείνου
1370 2979 1464 3028 καὶ
1488 2975 1760 3045 ὁσημέραι
1781 2973 2006 3028 τοιαῦτα

432 3075 577 3126 ποιεῖ
603 3071 881 3140 θαυμάσια
911 3070 944 3138 ή
975 3067 1094 3121 θεία
1118 3069 1264 3131 κάρα
1286 3065 1475 3129 αὑτοῦ,
1509 3067 1659 3118 ἐσαεὶ
1689 3065 1860 3128 ίάσεις
1887 3067 2007 3118 ἐπι-

434 3164 667 3220 τελοῦσα
697 3164 794 3217 καὶ
841 3161 1227 3230 θεραπεύουσα
1262 3159 1448 3211 πᾶσαν
1499 3158 1652 3210 νόσον
1698 3157 1791 3210 καὶ
1823 3158 2005 3212 πᾶσαν

436 3256 736 3327 μαλακίαν·
765 3253 827 3308 τὺ
853 3252 960 3322 γὰρ
995 3250 1182 3320 ἕτερον
1217 3249 1398 3318 σῶμα,
1429 3249 1590 3311 ἄλλος
1633 3248 1764 3303 ἄλλο
1817 3249 2004 3318 μέρος,

435 3352 531 3403 καὶ
562 3349 750 3419 ἕτερος
773 3347 962 3417 ἕτερον
1008 3343 1115 3396 τῶν
1145 3341 1390 3395 εὐσεϐῶν
1442 3340 1549 3394 τῶν
1585 3356 1643 3393 τε
1695 3340 1887 3411 πόῤῥω
1911 3341 2006 3393 καὶ

434 3441 543 3495 τῶν
573 3438 740 3508 ἐγγὺς
764 3437 826 3501 ἐξ
867 3433 1088 3503 ἀγάπης
1122 3433 1583 3503 διαμερισάμενος
1631 3432 1760 3501 παρ’
1792 3433 2004 3494 ἑαυτοῖς

435 3530 750 3600 κατείχοντο
779 3526 1186 3595 φυλακτήριον·
1221 3523 1354 3576 ἔνιοι
1399 3522 1458 3575 δέ
1491 3538 1660 3590 φασιν
1687 3521 1758 3585 ὡς
1784 3522 2007 3575 Λατίνοι

436 3625 568 3678 αὐτὸ
593 3580 964 3692 ἐφευρηκότες
1004 3617 1208 3687 μᾶλλον
1231 3617 1501 3676 ἐνταυθοῖ,
1535 3615 1700 3685 ἡνίκα
1727 3613 1824 3686 τὴν
1855 3613 2006 3684 βασι-

2117 3601 2244 3656 talia
2290 3616 2321 3656 e
2373 3604 2588 3674 templis
2645 3621 2710 3661 ac
2749 3607 3008 3665 domibus
3059 3614 3224 3684 regiis
3271 3632 3336 3670 ac
3395 3623 3687 3679 senatoriis
3731 3667 3736 3672 .

2112 3690 2356 3761 ejusdem
2387 3694 2539 3749 urbis
2569 3695 2950 3766 abstulerunt;
2985 3717 3122 3770 quos
3147 3714 3424 3772 postremo
3452 3707 3685 3766 Michael
3741 3750 3768 3768 χ

435 3718 702 3772 λεύουσαν
733 3715 890 3767 πόλιν
946 3712 1230 3781 κατέσχον,
1284 3710 1381 3763 καὶ
1419 3709 1627 3779 ταύτην
1661 3708 1755 3761 τοῦ
1807 3707 2009 3770 Σήλυος

439 3811 648 3883 πρόσγε
695 3810 816 3872 ταῖς
862 3803 1075 3870 ἄλλαις,
1132 3802 1418 3870 ἀφείλοντο
1470 3801 1529 3854 τὸ
1579 3800 1676 3854 τοῦ
1731 3800 2012 3871 μάρτυρος

436 3903 614 3970 σῶμα,
640 3898 735 3952 καὶ
769 3897 908 3967 πρὸς
931 3898 1028 3966 τὴν
1051 3893 1429 3964 πρεσϐυτέραν
1460 3891 1684 3961 Ῥώμην
1704 3891 2009 3961 ἐπήγαγον,

437 3992 692 4060 καθάπερ
713 3990 806 4043 καὶ
832 3987 968 4042 ἄλλα
1003 3987 1229 4040 πλεῖστα
1253 3985 1359 4043 τῶν
1388 3985 1560 4053 ἁγίων
1582 3983 1873 4053 λειψάνων.
1901 3981 2013 4053 Τὴν

436 4089 542 4153 γὰρ
575 4081 822 4153 βασιλίδα
866 4079 976 4133 τῶν
1036 4077 1245 4131 πόλεων
1292 4075 1660 4145 κατασχόντες
1709 4077 1758 4128 οἱ
1822 4075 2013 4128 Ἰταλοὶ

437 4173 663 4242 χρόνους
691 4170 831 4222 ἐπτὰ
864 4169 1006 4238 πρὸς
1033 4169 1141 4228 τοῖς
1174 4166 1515 4235 πεντήκοντα
1540 4164 1749 4228 τούτοις
1790 4163 2012 4217 δουλεύ-

436 4282 602 4318 ουσαν
639 4264 806 4332 ἀνοχῇ
840 4263 934 4315 mi.
966 4260 1361 4330 παραχωρήσει
1394 4257 1552 4319 Θεοῦ,
1583 4257 1632 4310 oi
1667 4259 1762 4311 καὶ
1795 4259 2014 4328 ἀφῃρη-

438 4356 588 4422 μένοι
615 4356 794 4408 πάντα
823 4354 892 4405 τά
925 4352 1198 4421 προσόντα
1229 4350 1364 4418 αὐτῇ
1397 4347 1666 4429 κάλλιστα
1705 4348 1844 4419 ἔργα
1879 4349 2009 4402 θαύ-

439 4467 606 4519 ματος
640 4449 732 4502 καὶ
765 4445 1084 4516 ἐκπλήξεως
1118 4443 1361 4512 γέμοντα
1393 4443 1488 4495 καὶ
1517 4443 1714 4513 ἡδονῆς
1741 4443 2010 4514 ἀρρήτου,

434 4543 642 4596 Φειδίου
677 4541 820 4611 φημὶ
863 4539 962 4593 καὶ
1009 4535 1392 4607 Πραξιτέλους·
1422 4535 1501 4588 ἔτι
1553 4535 1610 4589 δέ
1657 4535 1859 4605 χρυσὸν
1916 4535 2010 4588 καὶ

439 4635 681 4704 ἄργυρον
711 4635 803 4685 καὶ
835 4631 1078 4698 διαυγεῖς
1114 4627 1431 4698 μαργάρους
1462 4625 1556 4680 καὶ
1582 4625 1764 4688 λίθους
1792 4625 2011 4695 τιμίους

439 4729 536 4780 καὶ
569 4725 886 4786 πολυτελεῖς
917 4723 1010 4776 καὶ
1052 4720 1238 4773 πέπλα
1268 4718 1385 4772 θεῖα
1415 4717 1510 4771 καὶ
1550 4717 1673 4786 ίερά
1704 4715 1768 4770 ἐκ
1801 4734 1860 4772 τε
1901 4717 2011 4772 τῶν

440 4823 602 4874 θείων
631 4817 798 4884 ναῶν,
826 4815 889 4868 ἐκ
916 4829 976 4866 τε
1005 4812 1112 4866 τῶν
1155 4810 1443 4880 βασιλείων
1467 4811 1652 4876 οῐκων,
1699 4811 1765 4863 ἐκ
1809 4804 1870 4862 τε
1900 4807 2010 4862 τῶν

2112 2313 2434 2370 exaltantes.
2468 2315 2589 2371 Non
2619 2319 2800 2374 minus
2829 2330 3011 2377 autem
3041 2325 3166 2381 inde
3195 2328 3261 2382 ab
3295 2328 3403 2384 isto
3437 2339 3684 2402 tempore

2109 2416 2358 2460 sanctum
2416 2408 2590 2478 ipsius
2630 2421 2795 2481 caput
2828 2415 3073 2482 quotidie
3106 2419 3365 2474 miracula
3395 2431 3679 2491 operatur,

2114 2498 2338 2557 morbos
2393 2515 2459 2555 ac
2507 2503 2690 2557 omnia
2750 2505 3127 2563 inﬁrmitalum
3177 2528 3373 2581 genera
3417 2520 3680 2574 sanando.

2109 2586 2316 2642 Caetera
2379 2591 2526 2645 enim
2581 2595 2828 2663 corporis
2860 2596 3042 2667 ‘hujus
3093 2605 3268 2656 sancti
3317 2609 3563 2662 membra
3596 2611 3683 2680 pia

2114 2687 2350 2748 corpora
2371 2681 2529 2752 longe
2555 2685 2772 2755 lateque
2795 2699 2985 2745 sortita
3013 2703 3072 2746 ut
3101 2695 3293 2750 salutis
3318 2697 3684 2758 instrumenta

2113 2783 2468 2829 venerantur.
2523 2775 2664 2832 Sunt
2694 2780 2784 2849 qui
2817 2782 3001 2837 dicant
3035 2787 3180 2854 quod
3219 2786 3395 2844 Latini
3434 2803 3556 2861 post
3591 2811 3686 2850 ex-

2113 2875 2406 2936 pugnatam
2459 2871 2661 2940 regiam
2724 2873 2949 2941 urbem,
3002 2875 3127 2949 Sely
3179 2896 3396 2952 quoque
3441 2900 3552 2940 sua:
3600 2888 3686 2941 di-

2117 2955 2283 3013 tionis
2321 2957 2484 3024 facta,
2522 2965 2780 3035 martyris
2815 2981 3018 3036 corpus
3056 2969 3110 3023 in
3143 2973 3424 3042 antiquam
3457 2976 3686 3034 Romam

2114 3053 2258 3104 sicut
2309 3051 2573 3120 plurimas
2631 3056 2766 3110 alias
2816 3058 3078 3128 reliquias
3131 3075 3506 3132 asportarunt.
3566 3070 3686 3124 Itali

2115 3143 2258 3197 enim
2281 3145 2483 3214 regiam
2513 3147 2701 3202 urbem
2727 3164 2824 3218 per
2844 3152 3239 3222 quinquaginta
3272 3170 3478 3226 septem
3509 3177 3687 3217 annos

2117 3235 2228 3290 Deo
2297 3237 2517 3292 volente
2581 3254 2643 3294 ac
2691 3243 3105 3311 permittente,
3172 3256 3461 3305 tenuerant
3523 3264 3686 3324 atque

2113 3339 2277 3395 Opera
2312 3329 2446 3384 artis
2478 3334 2696 3401 egregia
2733 3348 2797 3388 ac
2829 3337 3138 3406 magniﬁca.
3165 3340 3374 3396 Phidias
3403 3359 3465 3398 ac
3496 3346 3688 3400 Praxi-

2115 3418 2238 3472 telis
2267 3418 2428 3486 dico;
2469 3435 2662 3476 aurum
2700 3439 2865 3493 porro
2893 3438 2948 3481 et
2995 3440 3305 3499 argentum,
3368 3439 3687 3504 margaritas

2114 3518 2172 3564 et
2206 3510 2414 3580 lapides
2449 3513 2740 3583 pretiosos,
2767 3519 3096 3575 vestimenta
3129 3521 3314 3579 divina
3343 3533 3398 3580 et
3429 3531 3686 3585 sacerdo-

2111 3781 2449 3855 Palaaologus
2473 3785 2717 3857 Angelus
2744 3789 2761 3842 Ι
2788 3790 3084 3860 imperator
3124 3810 3284 3850 manu
3326 3797 3682 3870 fortissimus,

2114 3875 2343 3945 expulit.
2379 3877 2449 3932 At
2487 3889 2775 3948 postquam
2821 3880 2878 3934 in
2911 3883 3088 3951 primo
3119 3886 3242 3941 loco
3273 3891 3602 3948 constitutus
3631 3906 3687 3949 et

2114 3967 2358 4022 omnium
2389 3981 2517 4024 ante
2551 3970 2726 4038 ipsum
2775 3971 3166 4041 imperatorum
3219 3979 3456 4036 honores
3487 3998 3548 4038 ac
3578 3987 3686 4054 pri-

2113 4060 2308 4132 vilegia
2356 4062 2586 4132 adeptus
2617 4073 2782 4127 esset,
2822 4076 3119 4134 postremo,
3167 4070 3431 4143 glisoente
3477 4075 3682 4133 invidia

2111 4152 2326 4208 civibus
2378 4152 2539 4209 bonis
2591 4155 2822 4210 infestus
2874 4168 2928 4212 et
2977 4161 3118 4215 mala
3176 4174 3360 4217 ruente
3404 4167 3570 4221 sicut’
3607 4171 3683 4224 illi

2112 4259 2233 4299 esse
2256 4245 2441 4316 carpit,
2471 4263 2579 4316 quo
2622 4248 2822 4304 factum
2863 4261 2947 4306 est
2997 4264 3053 4306 ut
3087 4255 3333 4324 gloriam,
3367 4257 3475 4312 imo
3499 4263 3688 4316 omnia.

2113 4337 2381 4394 amiserit.
2432 4337 2647 4406 Corpus
2678 4357 2809 4397 vero
2839 4343 2959 4414 ejus
3000 4347 3054 4400 in
3108 4347 3271 4418 hujus
3326 4351 3500 4420 Selyis
3551 4357 3686 4409 urbe
3751 4388 3759 4397 -

2113 4429 2170 4484 in
2229 4433 2566 4488 monasterio
2612 4433 2907 4492 Salvatoris
2966 4446 3022 4494 et
3065 4439 3433 4500 misericordis
3480 4445 3683 4505 Christi

2113 4521 2470 4598 tumefactum
2513 4526 2661 4595 jacet
2702 4537 2924 4596 propter
2946 4543 3329 4600 augescentem
3375 4538 3682 4608 dogmatum

2112 4618 2506 4688 corruptelam,
2536 4635 2603 4674 ex
2637 4635 2748 4691 quo
2775 4631 2999 4677 sanctus
3027 4639 3091 4680 ac
3122 4625 3341 4682 divinus
3373 4631 3681 4698 patriarcha

2111 4711 2381 4766 Arsenius
2434 4710 2616 4782 ipsum
2662 4714 3150 4772 anathematizavit
3197 4719 3324 4789 quia
3374 4735 3598 4793 regnum
3649 4741 3682 4780 a

2113 4803 2225 4858 tilio
2306 4802 2580 4859 Theodori
2633 4805 2888 4862 Lascaris
2971 4811 3279 4879 usurpavit.
3338 4811 3461 4870 Haec
3517 4817 3685 4887 igitur

441 4908 817 4982 συγκλητικῶν
844 4905 1054 4976 ἀνδρῶν
1085 4903 1180 4957 καὶ
1199 4902 1306 4956 τῶν
1327 4901 1628 4972 οἰκητόρων
1652 4900 1884 4970 ταυτησὶ
1912 4901 2006 4970 τῆς

2116 4896 2380 4951 miracula
2407 4912 2624 4953 sacrum
2667 4901 2922 4971 martyris
2972 4903 3142 4956 nostri
3189 4914 3355 4970 caput
3403 4919 3683 4978 operatur,

438 5003 666 5062 πόλεως.
700 4993 863 5059 Αὖθις
898 4993 1037 5048 Θεοῦ
1069 4992 1396 5064 βουλομένου
1429 4993 1458 5043 ό
1491 4989 2008 5059 στρατηγικώτατος

439 5093 694 5165 βασιλεὺς
742 5087 961 5158 Μιχαὴλ
1013 5084 1378 5152 Παλαιολόγος
1406 5081 1622 5152 πρῶτος
1658 5083 1687 5134 ὁ
1719 5081 2006 5149 ΙἌγγελος,

435 5188 655 5245 τούτους
683 5182 934 5247 ἐξέωσεν·
971 5177 1030 5242 ὃς
1058 5179 1114 5229 ἐν
1139 5177 1252 5237 τοῖς
1280 5173 1517 5246 πρώτοις
1546 5171 1883 5242 ἀριστεύσας
1913 5173 2006 5224 καὶ

373 5335 380 5340 ,
411 5263 504 5333 ⁵τέι
537 5274 801 5347 πρεσϐεῖα
836 5271 1052 5324 πάντων
1096 5267 1207 5320 τῶν
1264 5267 1350 5319 πώ
1396 5279 1524 5318 ποτε
1573 5264 1836 5332 βασιλέων
1865 5265 2006 5317 ἀνει-

437 5363 664 5440 ληφὼς,
717 5363 774 5418 ἐν
814 5364 924 5424 τοῖς
981 5358 1312 5420 τελευταίοις
1366 5356 1512 5425 οἴμοι
1571 5356 1751 5426 φθόνῳ
1794 5356 2004 5420 τούτοις

2116 4989 2337 5056 morbos
2387 4989 2633 5046 sanando
2688 4991 3035 5060 multifarios,
3073 5003 3134 5049 ut
3193 4997 3388 5068 capitis
3437 5000 3682 5067 dolores,

2116 5081 2318 5148 febres,
2357 5083 2598 5138 membra
2635 5083 2772 5155 gelu
2805 5090 3124 5144 constricta.
3157 5087 3336 5155 Quare
3371 5092 3462 5148 hic
3503 5108 3684 5148 sermo

2117 5175 2222 5230 tria
2244 5175 2461 5231 illorum
2491 5175 2885 5232 miraculorum
2921 5179 3341 5248 demonstrabit,
3366 5193 3474 5238 tam
3501 5195 3682 5240 vetera

2114 5283 2276 5337 quam
2305 5269 2576 5334 recentia;
2603 5279 2799 5324 caetera
2830 5285 3070 5340 namque
3093 5273 3342 5329 lubenter
3371 5275 3680 5344 praeteribo.

2116 5354 2416 5427 Imperator
2453 5355 2670 5413 Manuel
2697 5359 3262 5431 Porphyrogenitus...

3554 417 3688 481 1233
3729 377 3756 417 ³

438 5465 624 5528 καλῶς
657 5459 1065 5533 βασκαίνοντυς,
1116 5453 1183 5506 τὰ
1215 5452 1440 5504 ἐκείνων
1491 5451 1704 5516 φρονῶν
1756 5451 2107 5566 εὑρέθηοικαὶ
2147 5451 2686 5566 ταύτῃὶγειμάλιστα
2845 5458 3097 5566 πλεῖστον
3119 5458 3449 5566 -ιτῆςιδόξης,
3555 5464 3681 5566 τόγε

437 5560 804 5630 ἀληθέστερον
840 5555 1037 5620 εἰπεῖν,
1073 5553 1292 5625 σύμπαν
1324 5544 1580 5620 ἀφείλετό
1617 5562 1676 5597 τε
1726 5551 1820 5600 καὶ
1853 5545 2159 5666 περιῄρηῗο
2184 5562 2220 5656 ο.
2255 5547 2356 5658 καὶ
2406 5546 2464 5598 ὲν
2493 5548 2557 5617 τῇ
2586 5547 2679 5601 τοῦ
2711 5549 2927 5666 ΙΣήλυφς
2988 5553 3181 5666 ταὶςτῃ.
3203 5553 3359 5666 πόλει
3396 5556 3536 5666 κατά
3585 5557 3682 5626 τὴν

437 5660 533 5714 τοῦ
564 5655 818 5726 Σωτῆρος
861 5653 958 5708 καὶ
998 5643 1403 5721 πανελεήμονος
1446 5649 1685 5718 Χριστοῦ
1740 5646 1910 5718 μονὴν
1955 5646 2016 5698 τὸ
2059 5644 2224 5698 αὐτοῦ
2290 5647 2450 5716 σῶμα
2494 5647 2931 5716 κατακείμενον,
2973 5648 3276 5719 καθορᾶται
3323 5651 3680 5723 όγκούμενος,

824 5750 888 5764 Δ-
1067 5749 1091 5760 -ο
1170 5747 1193 5764 e-
1232 5748 1451 5764 ,,,,t,-,_,_
1483 5745 1506 5764 Β
1542 5744 1777 5764 ,-,_--!,..-
1816 5741 2028 5764 _r--1_-
2075 5757 2135 5764 ---
2171 5741 2275 5764 -.ιη
2336 5743 2422 5764 --μὶ
2464 5741 2548 5764 ἓ-1.
2594 5743 2681 5764 -ὶ-.
2717 5744 3172 5764 ---..Α---.-η1ὶιν-η
3288 5745 3330 5764 αν
3364 5743 3518 5764 κοᾲκξ
3556 5747 3571 5764 1

439 5757 524 5808 διὰ
571 5756 673 5826 τὴν
713 5750 994 5822 προϐᾶσαν
1024 5749 1134 5802 τῶν
1166 5747 1452 5816 δογμάτων
1479 5744 1778 5814 διαφοράν·
1811 5741 2032 5813 προσέτι
2075 5757 2136 5810 γε
2169 5741 2296 5812 μὴν,
2335 5743 2428 5797 καὶ
2462 5741 2550 5796 διὰ
2590 5743 2682 5796 τὸν
2714 5744 3176 5818 προσφωνηθέντα
3209 5745 3330 5798 κατ’
3355 5743 3520 5800 αὑτοῦ
3549 5747 3680 5813 ἀρο-
