4070 6554
413 318 552 382 12‘9
775 345 796 358 -·
1851 319 2004 378 ADD

2121 318 2243 381 DA.
3547 313 3684 375 1240

412 433 610 504 ρισμδν
645 432 793 502 παρᾶ
828 431 924 485 τοῦ
979 432 1294 499 ἁγιώτατοι)
1341 431 1438 482 καὶ
1492 429 1775 483 θειοτάτου
1813 429 2159 500 πατριάρχου
2197 428 2499 497 Ἀρσενίουο
2558 427 2632 492 ὡς
2680 428 3146 499 σφετερισᾶμενον
3177 427 3273 495 ξὺν
3316 428 3453 499 δόλῳ
3495 447 3554 481 τε
3586 431 3685 496 τῆς

412 531 693 599 βαςιλεῖας
749 533 927 603 ἀρχὴν
958 531 1018 596 ἐξ
1070 529 1187 582 υἱοῦ
1243 528 1526 598 Θεοδώρου
1563 527 1658 580 τοῦ
1712 528 2037 598 Λασκὰρης.
2092 527 2306 581 Οὐκοῦν
2341 525 2571 579 τοιαῦτα
2624 526 2770 578 ποιεῖ
2813 524 3100 595 θαυμάσια
3146 525 3179 594 ή
3230 523 3350 578 θεία
3391 527 3543 595 κάρα
3585 525 3686 579 τοῦ

413 627 699 697 μάρτυρος
747 627 1034 696 διηνεκῶς,
1087 626 1262 686 ίὰσεις
1296 619 1623 675 ὲπιτελοῦσα
1655 624 1736 684 είς
1788 622 1938 693 πάθη
1986 621 2328 675 παντοδαπά·
2362 620 2444 684 εἷς
2473 637 2531 673 τε
2575 620 2880 690 ἀλγηδόνας
2913 617 3190 688 κεφαλῶνο
3223 619 3317 671 καὶ
3366 620 3688 690 ἀρρωστίας

412 722 724 783 σωμάτων·
763 725 844 786 είς
901 723 1148 784 διακαεῖς
1208 719 1480 790 πυρετούς
1511 736 1570 772 τε
1603 719 1701 773 καὶ
1749 717 2076 790 ῥιγώσεις..
2105 759 2118 770 .
2169 718 2414 787 Δηλώσει
2463 719 2518 772 δὲ
2563 718 2657 772 νῦν
2705 721 2733 772 6
2784 718 2942 786 λόγος
2993 719 3120 788 τρία
3151 719 3271 771 τινὰ
3317 719 3426 771 τῶν
3471 718 3686 770 ἐκείνου

411 819 714 888 θαυμάτων
746 821 854 874 τῶν
902 821 1075 873 πάλαι
1105 821 1202 872 καὶ
1243 819 1338 872 νῦν
1364 837 1378 850 ·
1405 818 1476 871 τὰ
1497 817 1541 869 δ’
1576 818 1714 871 ἄλλα
1746 817 1888 872 ὲκὼν
1921 796 2335 888 ὑπερθήσομαι.
2372 816 2639 878 Βασιλεὺς
2687 814 2951 884 Μανουὴλ
2976 818 3003 868 ό
3038 816 3577 888 Πορφυρογέννητος.
3611 856 3628 870 .
3668 857 3684 870 .

487 912 710 968 llunece
738 914 938 984 capitis
988 913 1177 968 dolore
1232 911 1290 967 S.
1320 911 1648 980 Agathonici
1693 911 1954 981 precibus
1986 910 2307 976 liberatum,
2342 912 2420 964 ait
2453 909 2758 965 aedificasse
2793 910 2850 963 in
2880 908 3002 978 ejus
3033 908 3301 963 honorem
3335 911 3429 962 τὸν
3454 909 3676 962 καθολι-

410 1011 509 1062 κόν
542 1010 671 1062 ναδν
697 1009 940 1074 τουτονὶ,
961 1008 1092 1072 ειὲξ
1121 1010 1567 1078 ἀρχιεπισκοπῆς
1599 1007 2036 1080 πατριαρχικῆς,
2070 1007 2445 1078 προεϐίϐασεν
2471 1008 2552 1069 εἰς
2581 1003 2926 1076 μητρόπολιν
2973 1002 3366 1073 προσηκόντως
3387 1002 3484 1072 τὴν
3513 1003 3686 1055 αὑτοῦ

410 1101 725 1170 ἐκκλησίαν
758 1103 858 1154 καὶ
888 1101 1046 1152 πόλιν
1087 1099 1476 1170 (Selymbria).
1503 1101 1752 1156 Alterum
1802 1101 2008 1155 miracu

2112 1117 2153 1154 ι.
2195 1099 2440 1163 Ἀλέξιος
2469 1100 2495 1150 6
2527 1101 2702 1169 μέγας
2740 1098 2960 1162 δοὺξ,ὂς
2991 1093 3059 1168 ἦν
3096 1091 3177 1159 εἷς
3204 1097 3316 1150 τῶν
3348 1097 3688 1150 ἁποκαύκων

410 1199 505 1250 καὶ
531 1199 804 1268 κρείττων
837 1196 932 1250 τοῦ
967 1197 1185 1262 γένους,
1229 1212 1257 1250 a
1290 1195 1348 1250 S.
1385 1207 1626 1266 martyre
1653 1212 1683 1251 e
1710 1198 1946 1266 quodam
1985 1213 2008 1266 ιη

2112 1197 2234 1251 culo
2291 1190 2556 1251 liberatus
2589 1196 3024 1266 pulcherrimum
3066 1194 3214 1248 aliud
3245 1194 3509 1263 templum
3545 1194 3687 1247 a-di-

411 1291 614 1346 licavit.
648 1292 804 1344 Κατὰ
829 1290 929 1352 τὰς
963 1291 1244 1360 ’Δμμους,
1275 1291 1332 1342 ὲν
1366 1285 1410 1359 ᾧ
1434 1293 1462 1344 ὁ
1499 1292 1656 1360 ἅγιος
1696 1292 2008 1346 τετελείωτε

2112 1292 2177 1344 ὸν
2219 1290 2568 1362 μαρτυρικὸν
2597 1287 2839 1354 δίαυλον,
2870 1289 3014 1358 quod
3041 1289 3301 1358 templum
3335 1287 3416 1338 ἔτι
3445 1286 3687 1356 περισώο

410 1385 562 1448 {aut
618 1385 714 1436 καὶ
768 1385 1096 1451 καθορᾶται.
1140 1385 1386 1438 Tertium
1439 1395 1520 1439 est
1561 1403 1574 1438 :
1615 1393 1707 1438 καὶ
1743 1386 1848 1455 πρὸ
1887 1384 2008 1456 βρα;

2112 1403 2122 1448 ;
2153 1387 2181 1438 6
2212 1385 2372 1439 πάντ’
2407 1385 2634 1455 ἄριστος
2671 1383 2924 1455 βασιλεὺς
2963 1382 3224 1451 Ἰωάννης
3260 1379 3619 1446 Παλαιολὸγος
3653 1395 3686 1430 a

411 1483 605 1534 morbo
641 1478 911 1538 liberatus
943 1488 1050 1543 est,
1082 1494 1208 1534 cum
1243 1479 1501 1550 martyris
1532 1479 1714 1548 κάραν
1739 1479 1804 1534 ad
1837 1495 1896 1534 se
1927 1480 2135 1535 deferri
2167 1489 2436 1536 curasset.

1529 1781 2278 1958 ADDEN
2289 1778 2593 1958 DA

1876 2037 2042 2118 (Col.
2100 2040 2270 2120 825.)

963 2193 1753 2310 PHILOTHEI
1852 2191 2077 2306 GP.
2171 2193 3149 2306 PATBIARCH/E

1799 2397 2326 2462 PRIVILEGIUM

1325 2567 1561 2697 PBQ
1635 2512 2222 2658 EPISCOPO
2299 2567 2830 2671 H'lEltISSl

1117 2745 1279 2825 Ejus
1333 2744 1399 2804 in
1444 2743 1662 2804 Monte
1713 2744 1946 2804 Sancto
1982 2745 2140 2824 jura
2193 2745 2574 2824 episcopalia
2618 2750 2966 2828 conﬁrmat.

424 1632 1009 1642 ’Ἢν-ο
1045 1632 1082 1636 ἢ

422 1649 686 1659 -——-——_.—-——

3141 1629 3287 1638 -———-——
3311 1630 3322 1632 ν
3355 1629 3370 1634 —
3390 1625 3666 1635 ~—.———-'—

1563 2871 1736 2937 (Balli,
1761 2873 2016 2924 Canonurn
2046 2874 2301 2937 collectio,
2325 2876 2384 2937 ν,
2411 2877 2544 2939 151.)

486 3149 843 3211 l‘hilotheus,
918 3141 1297 3198 misericordia
1375 3138 1469 3194 Dei
1543 3140 1995 3210 archiepiscopus

2169 3146 2421 3212 Φιλόθεος
2446 3149 2582 3221 ἐλέῳ
2609 3150 2745 3204 Θεοῦ
2767 3150 3201 3221 ἅρχιεπίσκοπος
3253 3151 3695 3207 Κωνσταντινου-

411 3238 955 3310 (:onstantinOpolis,
1025 3252 1182 3290 nov-.e
1257 3235 1475 3299 Romae,
1544 3243 1600 3288 et
1673 3231 2004 3288 universalis

2113 3239 2344 3304 πόλεως,
2379 3243 2505 3304 νέας
2559 3240 2803 3313 Ῥώμης,
2843 3242 2940 3294 καὶ
2985 3242 3369 3311 οίκουμενικδς
3413 3244 3693 3316 πατριάρο

415 3335 746 3400 patriarcha.

490 3426 586 3479 Die
619 3423 826 3478 mensis
855 3421 1058 3492 Aprilis
1097 3420 1285 3484 tertio,
1320 3419 1622 3474 indictione
1659 3425 1835 3486 sexta,
1865 3431 2004 3487 prro-

414 3518 632 3573 sldente
673 3505 862 3569 nostra
907 3512 1222 3568 humilitate
1261 3511 1318 3565 in
1359 3509 1761 3565 catechumenii
1796 3507 2007 3562 dextris

415 3607 778 3664 sanctissimae
817 3619 1029 3675 magna:
1069 3601 1163 3670 Dei
1209 3602 1507 3668 Ecclesiae,
1539 3603 1866 3658 sedentibus
1907 3616 2009 3655 no-

414 3701 631 3755 biscum
671 3695 982 3751 illustribus
1017 3693 1457 3763 archiepiscopis
1493 3692 1766 3754 Cesarea',
1799 3691 2005 3762 Cyzici,

415 3788 816 3852 Chalcedonis,
869 3788 1045 3858 8511a:
1109 3794 1164 3840 et
1225 3788 1438 3847 Brusae,
1487 3784 1648 3838 allata
1711 3793 1842 3837 sunt
1896 3781 2008 3837 Duo

420 3882 733 3937 charissimi
773 3879 1021 3950 episcopi
1060 3877 1288 3932 Hierissi
1329 3887 1384 3931 et
1417 3876 1567 3931 Sacri
1605 3875 1805 3929 Montis
1836 3877 2008 3928 docu-

417 3985 600 4030 menta
640 3985 696 4029 et
733 3974 978 4043 epistola:
1017 3989 1084 4027 ex
1127 3971 1327 4042 quibus
1367 3978 1550 4040 patet,
1581 3970 1726 4040 quod
1776 3968 2010 4022 tribula-

418 4073 598 4126 tiones
625 4079 680 4124 et
707 4068 1025 4122 vexationes
1057 4065 1265 4136 patitur
1297 4080 1325 4116 a
1360 4064 1540 4134 primo
1567 4063 1764 4118 Montis
1817 4060 2005 4117 Sancti

416 4164 788 4226 moderatore,
819 4161 912 4230 qui
959 4158 1367 4230 episcopalibus
1408 4157 1738 4228 quibusdam
1789 4155 2009 4226 privile-

416 4259 521 4330 giis
550 4257 702 4310 illum
730 4251 1290 4327 spoliare‘praesumit
1321 4267 1337 4305 :
1371 4250 1488 4305 vult
1518 4249 1687 4315 enim,
1715 4248 1918 4318 inquit,
1952 4249 2006 4301 in

417 4353 658 4406 Montem
715 4348 980 4403 Sanctum
1029 4343 1378 4415 presbyteros
1421 4359 1449 4397 a
1491 4341 1682 4397 Serbis
1719 4342 2006 4397 ordinatos

2112 3350 2234 3404 κηςο

2184 3427 2334 3498 Μηνὶ
2392 3427 2694 3498 Ἀπριλλίῳ
2743 3419 2930 3498 τρίτῃ,
2967 3429 3302 3492 ίνδικτιῶνος
3334 3427 3522 3497 ἕκτης,
3553 3445 3690 3496 προ-

2113 3515 2437 3586 καθημένης
2470 3517 2571 3587 τῆς
2607 3517 2766 3588 ήμῶν
2817 3519 3176 3588 μετριότητος
3212 3522 3267 3572 ἐν
3301 3523 3412 3581 τοῖς
3460 3518 3692 3581 κελλίοις

2109 3606 2283 3676 αὐτῆς
2305 3609 2417 3671 τοῖς
2441 3609 2500 3662 ὲν
2521 3610 2633 3672 τοῖς
2662 3609 2860 3674 δεξιοῖς
2883 3613 3371 3681 κατηχουμενείοις
3397 3611 3497 3679 τῆς
3517 3611 3692 3677 ἁγιω-

2109 3701 2279 3768 τάτης
2321 3697 2417 3751 τοῦ
2453 3698 2590 3752 Θεοῦ
2635 3701 2884 3771 μεγάλης
2925 3703 3276 3772 Ἐκκλησίας,
3313 3701 3691 3771 συνεδριαζόν-

2110 3806 2219 3840 των
2249 3790 2388 3860 αὐτῇ
2427 3792 2524 3845 καὶ
2553 3791 2660 3844 τῶν
2693 3793 3012 3862 ίερωτάτων
3039 3794 3345 3864 ἀρχιερέων
3380 3794 3475 3846 καὶ
3515 3793 3694 3864 ὑπερ-

2112 3881 2311 3950 τίμων,
2355 3883 2452 3934 τοῦ
2509 3885 2874 3954 Καισαρείας,
2913 3883 3010 3938 τοῦ
3056 3886 3300 3950 Κυζίκου
3336 3885 3426 3938 διὰ
3463 3884 3692 3954 γνώμης⁹

2118 3974 2256 4042 πρὸς
2296 3974 2397 4043 τὴν
2441 3974 2604 4044 ήμῶν
2651 3975 3011 4046 μετριότητα,
3051 3975 3145 4028 τοῦ
3192 3976 3556 4046 Χαλκηδόνος,
3593 3977 3688 4030 τοῦ

2115 4064 2340 4135 Βιζύης,
2369 4066 2468 4118 καὶ
2509 4065 2604 4118 τοῦ
2646 4064 2928 4138 Βρύσεως,
2958 4066 3388 4136 διεκομίσθησαν
3419 4069 3691 4137 ἀναφοραὶ

2111 4157 2205 4212 τοῦ
2242 4157 2663 4228 θεοφιλεστάτου
2710 4159 3014 4212 ἐπισκόπου
3057 4158 3324 4230 Ἰερισσοῦ
3370 4163 3464 4214 καί
3504 4161 3688 4227 Ἀγίου

2117 4249 2320 4321 Ὄρους
2375 4251 2651 4321 ἔγγραφοι
2695 4251 3193 4320 διαλαμϐάνουσαι,
3246 4252 3396 4316 ὅπως
3441 4253 3687 4321 εὑρίσκει

2113 4345 2458 4414 πειρασμοὺς
2488 4350 2585 4399 καὶ
2612 4345 2868 4415 ὀχλήσεις
2898 4345 3053 4416 παρὰ
3079 4346 3172 4399 τοῦ
3205 4347 3506 4402 δσιωτάτου
3535 4347 3691 4417 πρώ-

416 4445 724 4508 adducere;
768 4451 822 4496 et
857 4441 1038 4510 ipsum
1077 4454 1106 4492 a
1141 4437 1330 4492 Carea:
1361 4437 1492 4492 sede
1525 4436 1756 4506 expulit,
1787 4449 2002 4491 sacrum

2112 4453 2205 4490 του
2231 4437 2344 4490 τῶν
2374 4440 2431 4491 ἑν
2463 4438 2542 4508 τῷ
2581 4437 2752 4510 Ἀγίῳ
2786 4440 2944 4510 Ὀρει
2977 4439 3299 4510 σεϐασμίων
3332 4441 3530 4510 μονῶν,
3561 4440 3688 4510 βου-

417 4538 620 4606 pednm
679 4535 859 4603 ipsum
920 4531 995 4584 ibi
1051 4542 1301 4600 portare,
1343 4537 1400 4583 et
1450 4543 1606 4583 sacra
1659 4527 1874 4592 facere,
1915 4535 2010 4580 aut

417 4629 722 4685 antistitem
775 4623 962 4680 vocari
1025 4621 1496 4692 prohibensgsed
1553 4631 1684 4676 sunt
1729 4621 2007 4674 contraria

417 4721 626 4776 omnia.
662 4718 926 4774 Sanctum
971 4712 1208 4769 Montem
1243 4730 1465 4785 quoque
1506 4715 1626 4769 sine
1663 4713 1835 4784 ipsius
1881 4728 2008 4783 per-

418 4815 593 4869 missu
629 4827 692 4866 ac
720 4809 878 4865 venia
913 4808 1085 4874 adire,
1120 4817 1177 4863 et
1206 4808 1586 4864 ordinationes
1616 4807 1797 4863 facere
1831 4811 2008 4862 inter-

418 4904 593 4960 dicit.
624 4902 750 4957 Hazc
786 4901 971 4956 omnia
1013 4901 1197 4956 attulit
1233 4900 1345 4955 Deo
1383 4901 1745 4956 charissilnus
1780 4898 2008 4954 llierissi

419 5014 484 5053 ac
511 4997 666 5051 Sacri
693 4993 894 5050 Montis
923 4995 1214 5066 episcopus
1245 4995 1313 5051 ad
1340 5007 1586 5050 nostram
1613 4995 2006 5059 humilitatem,

419 5089 686 5144 auxilium
725 5105 753 5142 a
789 5089 952 5144 nobis
984 5090 1280 5159 petiturus,
1307 5106 1415 5159 quo
1447 5105 1536 5144 res
1571 5089 2005 5155 examinaretur,

420 5182 707 5251 ipsiusque
737 5183 861 5252 jura
894 5183 1059 5237 illaesa
1092 5195 1467 5239 servarentur.
1495 5183 1687 5252 Igitur,
1719 5195 2008 5253 postquam

419 5291 537 5329 rem
569 5291 738 5330 saeue
769 5292 833 5331 ac
861 5293 1070 5346 magna:
1101 5277 1310 5347 synodo
1333 5277 1772 5348 venerandorum
1801 5277 2012 5346 episco-

420 5381 619 5437 porum
690 5367 1178 5437 exposuissemus,
1228 5367 1632 5423 declaravimus
1702 5367 2008 5422 secundum

423 5462 706 5517 decretum
740 5461 881 5515 sacri
907 5470 961 5514 et
980 5460 1308 5516 oecumenici
1333 5459 1799 5515 Chalcedonensis
1823 5459 2010 5515 conci-

423 5552 501 5616 lii,
537 5553 641 5606 hoe
684 5555 843 5607 modo
878 5553 944 5607 ad
983 5554 1208 5632 verbum
1251 5555 1306 5608 in
1348 5562 1542 5609 octavo
1584 5554 1759 5622 ipsius
1797 5566 2011 5606 canone

423 5645 760 5700 statuentis:
809 5666 828 5698 ι
862 5647 1369 5714 Xenodochiorum,
1413 5662 1519 5702 nec
1558 5632 1676 5701 ’non
1730 5655 2011 5701 monaste-

423 5738 631 5792 riorum
693 5740 908 5808 clerici,
961 5743 1064 5796 sub
1122 5742 1508 5812 iurisdictione
1570 5739 2011 5810 uniuscujusque

2109 4529 2344 4599 λομένου
2380 4536 2609 4601 κρατεῖν
2645 4549 2764 4586 τινα
2811 4533 2922 4584 τῶν
2973 4533 3396 4604 ἀρχιερατικῶν.
3414 4531 3579 4587 αὐτοῦ
3608 4533 3692 4586 διο

2111 4623 2320 4675 καίων·
2349 4622 2601 4693 βούλεται
2649 4624 2780 4695 γὰρ,
2831 4627 3021 4694 φησὶν,
3073 4627 3155 4688 είς
3205 4625 3268 4677 τὸ
3296 4625 3489 4692 Ἀγιον
3527 4625 3692 4694 Ὅρος

2109 4715 2357 4784 εἰσάγειν
2385 4715 2513 4779 τοὺς
2541 4716 2694 4785 παρὰ
2728 4717 2840 4769 τῶν
2890 4716 3116 4785 Σέρόων
3146 4718 3686 4788 χειροτονουμένους,

2111 4810 2412 4879 ἀφήρπασέ
2443 4826 2502 4863 τε
2531 4811 2594 4863 τὸ
2627 4815 2686 4863 ἐν
2729 4813 2848 4873 ταῖς
2897 4812 3144 4881 Καρέαις
3193 4810 3364 4864 αὑτοῦ
3413 4811 3681 4879 κάθισμα,

2112 4905 2206 4959 καὶ
2228 4904 2352 4958 οὔτε
2393 4905 2778 4977 πνευματικὴν
2805 4903 3000 4974 ράόδον
3023 4905 3251 4975 ἀφίησιν
3279 4887 3442 4959 αὐτὸν
3467 4909 3691 4975 κρατεῖν

2111 5001 2170 5054 ὲν
2211 5000 2422 5064 αὑταῖς,
2457 4998 2582 5053 οὔτε
2615 5000 2944 5070 ἱερουργεῖν,
2977 4997 3101 5052 οὔτε
3147 4999 3414 5069 πρότερον
3469 5015 3688 5068 μνημο-

2111 5091 2368 5146 νεύεσθαι
2421 5090 2516 5144 τὸν
2576 5091 2898 5156 ἐπίσκοπον,
2951 5085 3074 5143 εἶτα
3129 5091 3219 5143 τὸν
3265 5089 3504 5161 πρῶτον,
3555 5090 3688 5142 ἀλλὰ

2111 5185 2427 5239 τούναντίον
2464 5184 2669 5254 μᾶλλον
2689 5200 2703 5217 ο
2733 5184 2868 5238 ἀλλὰ
2900 5183 3037 5254 μηδὲ
3069 5183 3419 5253 είσέρχεσθαι
3446 5182 3582 5245 ὅλως
3611 5184 3690 5245 εἰς

2112 5280 2173 5332 τὸ
2208 5279 2404 5347 Ἀγιον
2438 5279 2609 5348 Ὅρος
2639 5275 2770 5331 ἄνευ
2823 5275 2927 5345 τῆς
2961 5276 3181 5329 ἐκείνου
3236 5274 3560 5346 προτροπῆς
3597 5276 3688 5326 καὶ

2113 5371 2396 5436 ἐνδόσεως,
2434 5370 2571 5440 μηδὲ
2621 5369 2967 5439 χειροτονίας
3021 5371 3219 5422 ποιεῖν.
3276 5368 3466 5422 Ταῦτα
3513 5368 3690 5420 πάντα

2114 5463 2414 5534 ἐγγράφως
2445 5461 2756 5529 ἀνενεγκὼν
2780 5463 2808 5514 6
2830 5461 3249 5530 θεοφιλέστατος
3273 5462 3568 5524 ἐπίσκοπος
3600 5462 3694 5513 Ἱε-

2118 5550 2307 5622 ρισσοῦ
2337 5551 2432 5604 καὶ
2471 5550 2654 5619 Ἀγίου
2689 5551 2910 5622 Ὄρους,
2939 5550 3136 5620 ἐδεήθη
3162 5553 3261 5620 τῆς
3291 5553 3446 5621 ήμῶν
3473 5553 3689 5621 μετριό-

2113 5659 2277 5714 τητος
2310 5643 2492 5712 εὑρεῖν
2514 5643 2647 5713 παρ’
2664 5643 2840 5713 αὐτῆς
2872 5641 3150 5712 βοήθειαν,
3169 5642 3310 5696 ὥστε
3333 5643 3690 5715 διορθωθῆναι

2114 5739 2309 5802 ταῦτα,
2339 5737 2435 5790 καὶ
2490 5737 2639 5807 ἔχειν
2694 5735 2854 5790 αὐτὸν
2889 5737 2959 5790 τὰ
2994 5736 3182 5791 δίκαια
3219 5737 3408 5793 αὑτοῦ.
3466 5737 3532 5792 Ἦ
3563 5737 3690 5806 γοῦν
