4070 6500
388 400 547 464 125.1'

1811 397 2197 458 ADDENDA.

3410 356 3631 457 ‘12r2

390 517 683 589 μετριότης
731 513 889 584 ἡμῶν
935 513 1351 584 διεσκεψαμένη
1388 513 1458 568 τὰ
1493 513 1860 584 περὶτούτων
1883 515 1942 583 τῇ

2057 507 2296 563 civitatis
2339 505 2581 576 episcopi
2624 521 2690 560 ex
2727 514 3041 561 sanctorum
3076 506 3295 562 Patrum
3338 506 3628 563 traditione

387 611 480 665 καὶ
500 613 621 681 ίερᾷ
641 609 851 678 μεγάλῃ
873 607 1076 677 συνόδῳ
1087 609 1198 661 τῶν
1217 609 1260 661 ίε
1271 608 1523 676 ρωτάτων
1538 608 1841 676 ἀρχιερέων
1855 607 1954 660 καὶ

2061 608 2441 669 permaneant.
2481 613 2583 653 nec
2634 599 2703 653 ab
2743 599 3002 670 episcopo
3041 615 3108 653 ex
3150 601 3403 669 superbia
3444 601 3627 655 disce-

385 702 727 772 ὑπερτίμων,
758 697 953 765 διέγνω
985 698 1080 749 καὶ
1109 698 1448 766 ἀπεφήνατο,
1478 696 1555 760 ὡς
1587 698 1653 749 ἂν
1683 696 1824 750 κατὰ
1852 681 1942 766 τὴν

2057 690 2218 755 dant;
2260 690 2393 744 illud
2444 706 2571 745 vero
2612 698 2874 756 statutum
2928 691 3150 745 eludere
3204 701 3625 760 praesumentes,

382 794 642 861 διαταγὴν
671 792 770 860 τῆς
802 791 965 858 ἁγίας
1012 788 1109 843 καὶ
1152 790 1537 859 οίκουμενικῆς
1561 791 1618 842 ὲν
1646 789 1950 859 Χαλκηδόνι

388 884 626 945 συνόδου,
644 881 1069 951 διαγορευούσης
1096 880 1294 933 οὑτωσὶ
1333 881 1474 933 κατά
1519 879 1671 950 ῥῆμα
1696 881 1752 933 ὲν
1778 880 1950 950 ὀγδόῳ

383 975 553 1043 αὐτῆς
587 973 774 1026 κανόνι
809 989 824 1003 ·
865 990 884 1023 ι
930 973 990 1024 Oi
1024 969 1279 1040 κληρικοὶ
1324 969 1437 1023 τῶν
1496 971 1806 1041 πτωχείων,
1854 973 1950 1025 καὶ

388 1065 793 1135 μοναστηρίων,
819 1063 925 1117 ὑπὸ
956 1062 1056 1133 τὴν
1102 1062 1356 1125 ἐξουσίαν
1381 1061 1491 1115 τῶν
1519 1063 1576 1118 ὲν
1606 1063 1816 1134 ἑκάστῃ
1846 1063 1948 1117 πό-

383 1160 463 1210 λει
494 1157 807 1210 ἐπισκόπων
834 1154 978 1208 κατὰ
1004 1153 1101 1225 τὴν
1132 1153 1241 1206 τῶν
1273 1153 1445 1221 ἁγίων
1476 1155 1737 1226 Πατέρων
1777 1154 1952 1225 παρά-

381 1252 529 1323 δοσιν
576 1248 1007 1318 διαμενέτωσαν,
1034 1246 1129 1307 καὶ
1179 1247 1254 1316 μὴ
1290 1248 1429 1300 κατά
1486 1247 1783 1301 αὐθάδειαν
1811 1248 1950 1318 ἀφη-

382 1342 654 1395 νιάτωσαν
674 1339 770 1391 τοῦ
791 1338 1115 1391 ἐπισκόπου·
1137 1339 1187 1390 oi
1208 1337 1263 1390 δὲ
1294 1336 1601 1407 τολμῶντες
1624 1338 1951 1405 ἀνατρέπειν

379 1434 480 1503 τὴν
506 1429 764 1500 τοιαύτην
788 1429 1149 1503 διατύπωσιν,
1182 1431 1231 1482 εἰ
1264 1431 1365 1499 μὲν
1392 1425 1503 1483 είεν
1532 1429 1810 1499 κληρικοὶ,
1835 1431 1951 1493 τοῖς

380 1526 488 1578 τῶν
519 1523 789 1590 κανόνων,
820 1522 1240 1576 ὑποκείσθωσαν
1271 1522 1594 1590 ἐπιτιμίοις,
1622 1524 1671 1575 εἰ
1697 1522 1754 1574 δὲ
1788 1523 1952 1592 μονά-

383 1616 594 1678 ζοντες,
622 1614 655 1683 ἢ
685 1611 888 1676 λαῖκοὶ,
915 1611 1163 1665 ἔστωσαν
1214 1611 1611 1681 ἀκοινώνητοι·
1653 1631 1672 1664 ι
1711 1612 1806 1682 ἔχῃ
1856 1613 1951 1666 καλ⁸

380 1709 407 1758 ό
453 1704 717 1775 δηλωθεὶς
754 1702 1171 1770 θεοφιλέστατος
1223 1702 1525 1767 ἐπίσκοπος
1553 1704 1613 1756 ὲν
1641 1704 1721 1774 τῷ
1777 1704 1949 1773 Ἀγίῳ

386 1798 541 1863 Ὄρει
593 1796 756 1849 παντὶ
806 1796 985 1849 πάντα
1015 1795 1082 1847 τὰ
1128 1795 1495 1865 ἀρχιερατικά
1541 1794 1710 1849 αὐτοῦ
1740 1795 1944 1859 δίκαια,

2061 782 2104 836 si
2150 781 2333 836 clerici
2371 782 2594 845 fuerint,
2622 794 2894 834 canonum
2936 780 3117 850 poenis
3155 778 3503 847 subiaceant;
3545 780 3630 833 sin

2060 874 2338 939 monachi,
2368 882 2463 928 aut
2494 872 2643 935 laici,
2670 888 2700 927 a
2736 856 2986 926 fidelium.
3015 872 3403 926 communione
3442 872 3634 940 sejun-

2059 974 2273 1035 gantur.
2301 982 2320 1014 ι
2349 963 2648 1017 Conservet
2674 978 2837 1030 porro
2860 961 3119 1031 praefatus
3146 962 3255 1016 Deo
3277 962 3631 1017 charissimus

2058 1057 2350 1127 episcopus
2379 1057 2432 1109 in
2464 1064 2577 1110 toto
2608 1055 2780 1109 Sacro
2808 1054 2988 1109 Monte
3014 1054 3339 1123 episcopalia
3367 1070 3463 1108 sua
3483 1056 3625 1125 jura,

2057 1165 2179 1220 quae
2208 1152 2276 1204 ab
2302 1148 2557 1203 omnibus
2593 1147 2939 1218 pontificibus
2969 1147 3023 1200 in
3052 1145 3300 1201 ecclesiis
3328 1147 3443 1202 suis
3467 1162 3629 1201 exer-

2058 1228 2280 1307 centur,
2307 1250 2360 1295 et
2402 1245 2516 1309 ipse
2555 1255 2654 1310 pro
2692 1238 2920 1293 arbitrio
2958 1254 3060 1293 suo
3097 1249 3377 1305 exerceat,
3405 1241 3629 1296 neruiue

2056 1335 2111 1389 in
2164 1337 2332 1389 Sacro
2389 1333 2569 1391 Monte
2617 1333 2918 1388 obsistente
2965 1339 3062 1385 aut
3114 1332 3467 1388 reclamante.
3517 1332 3655 1413 Sed.

2059 1428 2174 1482 hinc
2194 1425 2399 1489 omnia,
2421 1432 2613 1493 utpote
2644 1423 2920 1495 legitimus
2945 1422 3096 1478 Sacri
3125 1423 3324 1478 Montis
3358 1423 3622 1492 pontifex,

2058 1515 2214 1570 faciat
2240 1516 2393 1585 juxta
2419 1529 2701 1568 sacrorum
2730 1527 3000 1567 canonum
3037 1521 3321 1577 tenorem;
3354 1528 3456 1568 nos
3478 1515 3625 1568 enim

2058 1609 2204 1663 illius
2241 1607 2480 1680 regionis
2513 1621 2602 1661 res
2626 1602 2796 1676 'plane
2826 1614 2985 1661 notas
3019 1606 3311 1675 habemus;
3346 1607 3440 1662 diu
3475 1610 3624 1663 enim

2057 1701 2128 1754 ibi
2178 1700 2436 1755 viximus.
2480 1698 2613 1753 Inde
2656 1707 2714 1752 et
2758 1698 2947 1769 synodi
3000 1699 3219 1753 nomine
3268 1711 3520 1755 mouetur
3566 1712 3627 1757 ut

2057 1793 2282 1849 Sacrum
2343 1792 2581 1847 Montem
2636 1791 2849 1856 libere,
2913 1799 3076 1861 prout
3127 1791 3401 1858 voluerit,
3455 1794 3624 1849 veluti

380 1890 593 1957 ὅσαπερ
628 1886 843 1955 ἔχουσιν
878 1886 927 1938 oi
956 1885 1237 1954 ἀρχιερεῖς
1269 1885 1473 1949 πάντες
1506 1886 1565 1937 ὲν
1594 1887 1714 1947 ταῖς
1769 1886 1942 1938 αὐτῶν

2058 1887 2336 1955 proprium
2399 1883 2775 1953 episcOpatum
2837 1882 3033 1946 adeat,
3082 1891 3139 1937 et
3182 1882 3246 1953 in
3304 1881 3423 1951 ipso
3467 1897 3621 1938 sacra

382 1979 746 2048 ἐκκλησίαις,
802 1977 900 2031 καὶ
950 1977 1200 2049 διενεργῇ
1254 1976 1428 2031 ταῦτα
1483 1977 1818 2039 ἀκωλύτως,
1875 1977 1951 2046 μὴ

381 2070 650 2140 εὑρίσκων
683 2068 835 2137 παρά
861 2084 1006 2129 τινος
1040 2068 1381 2136 ἑμποδισμὺν
1421 2062 1529 2120 τῶν
1575 2069 1634 2121 ὲν
1666 2068 1742 2138 τῷ
1782 2069 1951 2139 ’Δγίῳ

385 2161 562 2228 Ὄρει,
595 2162 733 2229 μήτε
767 2158 1083 2228 ἀνάκρισιν,
1125 2157 1264 2211 ἀλλά
1296 2157 1519 2229 πράττῃ
1565 2161 1741 2213 ταῦτα
1774 2160 1951 2212 πάντα

380 2254 710 2322 ὡςίγνήσιος
763 2250 1053 2320 ἀρχιερεὺς
1090 2250 1184 2303 τοῦ
1233 2249 1418 2319 Ἀγίου
1456 2252 1653 2321 Ὄρους
1682 2252 1824 2304 κατὰ
1849 2251 1950 2323 τὴν

378 2345 487 2396 τῶν
519 2341 679 2413 ίερῶν
726 2343 968 2396 κανόνων
1008 2342 1366 2407 διατύπωσιν,
1395 2342 1490 2396 καὶ
1522 2341 1704 2406 καθὼς
1738 2339 1880 2395 οἶδεν
1913 2343 1946 2413 η

382 2434 674 2503 μετριότης
719 2435 751 2504 η
763 2433 902 2502 μῶν,
948 2432 1123 2495 οὕτως
1162 2434 1280 2486 ἐκεῖ
1307 2434 1376 2486 τὰ
1404 2434 1631 2488 τοιαῦτα
1659 2435 1943 2503 γινόμενα,

378 2528 472 2578 ἐπὶ
501 2526 669 2579 πολὺν
699 2527 890 2595 χρόνον
923 2525 1040 2578 ἐκεῖ
1090 2524 1423 2601 διατρίψασα
1449 2527 1543 2578 καὶ
1572 2525 1750 2588 καλῶς
1782 2524 1946 2594 γινώ-

379 2634 588 2670 σκουσα
612 2615 785 2669 ταῦτα
808 2631 822 2646 ·
849 2615 1000 2668 ἐνθεν
1024 2632 1109 2668 τοι
1132 2616 1226 2669 καὶ
1251 2615 1547 2679 συνοδικῶς
1572 2618 1946 2687 παρακελεύε-

376 2723 488 2770 ται,
533 2706 828 2768 ἀκωλύτως
881 2704 1226 2775 είσέρχεσθαι
1273 2704 1464 2759 τοῦτον
1514 2707 1595 2769 είς
1646 2707 1706 2760 τὸ
1752 2706 1944 2776 Ἀγιον

380 2798 564 2869 Ὄρος,
594 2799 753 2851 ὁπότε
789 2798 1061 2866 βούλεται,
1090 2797 1165 2860 ὡς
1199 2798 1336 2851 ἰδίαν
1386 2798 1714 2870 ἐπισκοπὴν,
1741 2802 1834 2853 καὶ
1865 2801 1942 2854 is-

381 2896 635 2965 ρουργεῖν
680 2897 740 2947 ὲν
776 2893 948 2963 αὐτῷ,
983 2894 1127 2947 ὅπου
1154 2894 1247 2947 καὶ
1297 2894 1387 2946 ὅτε
1419 2892 1692 2964 βούλεται,
1719 2898 1942 2965 κρατεῖν

373 3006 432 3038 τε
461 2987 558 3056 τὴν
590 2983 962 3054 ποιμαντικῆν
992 2983 1210 3054 ῥάϐδον,
1243 2983 1433 3053 ὥσπερ
1456 2987 1514 3037 ὲν
1550 2989 1714 3039 παντὶ
1742 2986 1936 3057 τούτῳ,

373 3080 515 3131 οὕτω
541 3077 634 3130 καί⁵
656 3072 726 3128 ’ὲν
756 3076 876 3137 ταῖς
902 3073 1168 3143 Καρὲαις,
1195 3075 1291 3127 καὶ
1322 3078 1762 3145 μνημονεύεσθαι
1787 3079 1940 3148 πρῶ-

2053 1977 2236 2040 faciat,
2268 1975 2358 2029 ubi
2400 1990 2466 2031 ac
2502 1975 2722 2045 quando
2757 1974 2999 2039 libuerit,
3028 1983 3081 2028 et
3116 1970 3387 2043 pastorale
3421 1974 3621 2045 pedum

2051 2077 2224 2138 gerat,
2256 2077 2315 2122 ut
2343 2082 2441 2138 per
2469 2082 2688 2121 omnem
2719 2074 2987 2132 montem,
3013 2065 3093 2121 sic
3116 2067 3280 2121 etiam
3308 2065 3527 2132 Carene;
3566 2075 3625 2120 ut

2051 2159 2222 2228 ipsius
2275 2173 2471 2213 nomen
2522 2167 2649 2211 ante
2697 2155 2960 2212 antistitis
3004 2139 3309 2213 vocitetur:
3339 2167 3396 2212 ut
3432 2155 3622 2210 Carere

2048 2268 2202 2307 suam
2248 2263 2479 2320 occupet
2521 2250 2729 2315 sedem,
2758 2266 2919 2320 quam
2973 2265 3001 2302 a
3062 2250 3332 2320 principio
3364 2259 3423 2303 ut
3469 2248 3621 2305 Sacri

2049 2343 2247 2398 Montis
2296 2342 2536 2413 pontifex
2582 2350 2964 2411 occupaverat.
2995 2339 3382 2395 Ordinationcs
3423 2341 3620 2396 deinde

2048 2436 2162 2490 fieri
2203 2449 2303 2506 pro
2340 2435 2561 2503 antiqua
2601 2434 2999 2488 consuetudine
3039 2449 3055 2487 :
3099 2432 3340 2487 ordinari
3383 2448 3511 2488 vero
3562 2435 3617 2497 in

2046 2528 2254 2597 magnis
2287 2524 2633 2581 monasteriis
2656 2524 2858 2579 debere
2893 2526 2959 2577 ab
2991 2523 3237 2593 ipsorum
3270 2526 3615 2594 praesulibus,

2046 2627 2100 2674 et
2134 2617 2346 2672 caeteris
2382 2615 2677 2687 episcopis,
2708 2625 2763 2671 et
2795 2618 2863 2669 ab
2892 2615 3026 2685 ipsis
3044 2614 3347 2669 examinari
3386 2626 3444 2669 et
3476 2616 3613 2669 desi-

2044 2711 2198 2780 gnari
2226 2719 2281 2764 et
2305 2711 2377 2764 ita
2407 2710 2476 2764 ab
2501 2708 2760 2779 episcopo
2783 2707 3126 2762 ordinatione
3158 2706 3468 2777 promoveri
3504 2707 3617 2763 cle-

2047 2804 2213 2858 ricos.
2245 2801 2400 2868 Quod
2435 2814 2564 2855 vero
2587 2800 2653 2854 ad
2682 2808 2972 2854 extraneas
3003 2799 3163 2853 sedes
3191 2808 3245 2852 et
3280 2799 3612 2854 monasteria

2042 2904 2274 2959 Spectat,
2301 2908 2424 2948 cum
2454 2892 2705 2962 praesulis
2733 2890 3051 2945 assensione
3087 2891 3452 2958 ardinandos;
3476 2891 3613 2959 ipse,

2044 3002 2153 3042 uno
2167 2987 2351 3051 verbo,
2367 2984 2697 3054 episcopalia
2719 2983 2842 3052 jura
2859 2984 2912 3036 in
2934 2992 3048 3037 toto
3071 2982 3248 3037 Monte
3261 2976 3417 3036 sacro
3432 2982 3607 3037 libere

2042 3080 2336 3144 exercebit,
2370 3078 2426 3132 in
2469 3091 2578 3147 quo
2631 3091 2807 3146 neque
2842 3076 2912 3131 ab
2957 3076 3226 3137 antistite.
3255 3085 3350 3131 aut
3390 3076 3460 3130 ab
3501 3076 3609 3130 alio

374 3185 463 3223 τον
512 3167 695 3231 αὑτὸν,
728 3165 919 3219 ἔπειτα
958 3165 1050 3217 τὸν
1103 3165 1338 3235 πρῶτον,
1366 3168 1515 3237 ἔχειν
1543 3186 1602 3221 τε
1636 3171 1731 3222 καὶ
1776 3171 1838 3224 τὸ
1877 3172 1937 3224 ἐν

2047 3184 2371 3241 quocunque
2402 3168 2786 3239 impediendus
2814 3179 2916 3222 est.
2947 3166 3136 3233 Quoad
3169 3167 3364 3222 deinde
3392 3168 3609 3238 presbyo

371 3264 492 3324 ταῖς
528 3259 772 3330 Καρέαις
800 3257 965 3311 αὐτοῦ
993 3258 1259 3327 κάθισμα,
1283 3260 1444 3327 εἴπερ
1477 3257 1590 3330 εἶχε
1618 3261 1776 3313 τοῦτο
1806 3262 1931 3315 ἀνὲκ

374 3350 541 3404 καθεν
594 3349 701 3411 πᾶς
738 3348 1030 3418 ἀρχιερεὺς
1059 3348 1150 3400 τοῦ
1196 3347 1383 3414 Ἀγίου
1420 3350 1637 3419 Ὅρους.
1688 3351 1799 3415 Τὰς
1837 3350 1937 3418 μέν

370 3461 451 3497 τοι
515 3445 851 3513 χειροτονίας
904 3440 1174 3508 γίνεσθαι,
1229 3441 1413 3504 καθὼς
1489 3445 1604 3495 ἐστι
1665 3444 1933 3514 σύνηθες·

373 3534 690 3603 ἐκλέγεσθαι
728 3532 827 3601 μὲν
870 3533 999 3597 τοὺς
1030 3534 1549 3609 χειροτονουμένους
1597 3534 1654 3588 ἐν
1688 3539 1807 3598 ταῖς
1843 3554 1937 3608 με·

370 3626 562 3694 γάλαις
603 3626 793 3695 μοναϊς
828 3622 980 3693 παρά
1006 3639 1064 3676 τε
1110 3622 1222 3676 τῶν
1252 3624 1685 3695 καθηγουμένων
1731 3627 1934 3693 αὐτῶν,

371 3716 465 3768 καὶ
493 3714 600 3768 τῶν
643 3713 846 3766 λοιπῶν
883 3712 1092 3781 ίερὲων,
1125 3714 1217 3765 καὶ
1253 3713 1650 3783 δοκιμάζεσθαι
1680 3716 1811 3787 παρ’
1836 3719 1933 3768 αὐ-

368 3807 499 3870 τῶν,
542 3809 636 3859 καὶ
691 3807 1116 3875 μαρτυρεῖσθαι,
1157 3807 1252 3860 καὶ
1307 3806 1451 3860 οὕτω
1505 3810 1935 3878 χειροτονεῖσθαι

370 3898 519 3968 παρὰ
543 3897 639 3950 τοῦ
669 3897 973 3951 ἐπισκόπου
1000 3912 1014 3928 ο
1049 3900 1177 3962 τοὺς
1203 3898 1257 3951 δὲ
1284 3900 1341 3951 ὲν
1363 3903 1474 3963 τοῖς
1501 3900 1606 3967 ἔξω
1636 3903 1936 3973 καθίσμασι

370 3994 466 4044 καὶ
510 3994 623 4052 τοῖς
671 3990 903 4052 κελλίοις
955 3992 1385 4062 χειροτονεῖσθαι
1419 3995 1515 4046 καὶ
1548 3994 1742 4058 αὐτοὺς
1798 3998 1935 4067 παρ’

365 4084 528 4137 αὐτοῦ
575 4084 713 4155 μετὰ
746 4083 839 4136 καὶ
877 4082 1138 4151 εἰδῆσεως
1181 4084 1277 4138 τοῦ
1319 4068 1565 4155 πρώτου,
1605 4088 1702 4140 καὶ
1749 4088 1936 4152 ἀπλῶς

366 4179 545 4232 πᾶσαν
605 4175 1002 4249 ἀρχιερατικὴν
1051 4178 1255 4247 πρᾶξιν
1290 4179 1386 4232 καὶ
1421 4179 1586 4232 αὐτὸν
1631 4180 1934 4249 διενεργεῖν

362 4267 656 4330 ἀκωλύτως
706 4269 767 4320 ὲν
810 4266 890 4338 τῷ
941 4266 1111 4338 ’Δγίῳ
1154 4268 1312 4339 "Oper.
1361 4256 1545 4337 παντὶ,
1570 4272 1667 4325 καὶ
1699 4272 1776 4342 μὴ
1802 4275 1934 4326 ἀνα-

2041 3272 2185 3316 teros
2221 3276 2251 3315 a
2289 3259 2473 3316 Serbis
2506 3259 2807 3323 ordinatos,
2835 3259 3087 3313 hortatur
3110 3268 3293 3313 nostra
3328 3259 3608 3313 humilitas

2039 3354 2402 3424 praesentibus
2422 3350 2698 3423 synodicis
2736 3351 3040 3414 litteris,ne
3068 3352 3451 3437 Atho.mo'ntis
3493 3368 3602 3407 iuo-

2039 3445 2229 3500 nachis
2268 3452 2692 3509 accenseantur,
2714 3444 2890 3498 donec
2921 3444 3156 3512 delegati
3193 3444 3367 3498 nostri
3404 3447 3606 3499 reversi

2037 3541 2168 3599 sint,
2205 3537 2538 3599 nuntiantes,
2572 3546 2754 3590 utrum
2801 3535 2989 3589 unioni
3068 3535 3444 3599 adhaerentes,
3479 3549 3591 3597 saut-

2038 3631 2297 3687 ctissimte
2331 3640 2530 3684 nostrae
2556 3627 2653 3683 Dei
2680 3643 2890 3698 magna:
2918 3626 3172 3683 Ecclesiae
3196 3637 3441 3696 pareant.
3471 3627 3607 3680 Tum

2038 3724 2183 3781 enim
2211 3723 2356 3803 quod
2381 3723 2536 3778 decet
2562 3721 2851 3779 faciemus.
2873 3720 2998 3778 Haec
3022 3721 3204 3776 omnia
3231 3721 3396 3792 igitur
3418 3736 3607 3778 sei-un-

2037 3821 2166 3871 dum
2194 3815 2507 3871 mandatum
2535 3825 2781 3868 nostrum
2805 3812 2918 3867 fieri
2945 3827 3171 3867 necesse
3196 3822 3298 3866 est.
3320 3811 3397 3867 Ne
3422 3822 3603 3866 autem

2037 3909 2155 3980 ipse
2184 3909 2335 3962 nullo
2371 3921 2595 3976 prorsus
2627 3904 3012 3975 impedimento
3039 3905 3120 3959 vel
3154 3904 3311 3959 obice
3352 3892 3607 3959 coercea-

2038 4012 2146 4064 tur,
2176 3999 2273 4054 sed
2305 4009 2504 4052 cuncta
2539 3997 2710 4051 libere
2750 4010 2906 4064 agere
2944 3995 3140 4065 possit,
3170 3995 3607 4050 exeomiuuuica-
3708 4052 3715 4063 ,

2038 4095 2201 4148 tionis
2240 4106 2454 4162 penam
2501 4091 2607 4146 hoc
2642 4091 2761 4159 ipso
2798 4089 3214 4159 pronuntiamus
3251 4098 3437 4143 contra
3478 4103 3603 4141 eum

2033 4183 2126 4253 qui
2168 4165 2615 4257 legitima'ipsius
2645 4180 2767 4249 jura
2806 4194 3131 4249 quacunque
3166 4179 3378 4234 ratione
3413 4179 3607 4233 laedere

2033 4274 2285 4329 voluerit.
2316 4274 2395 4327 Ad
2432 4272 2593 4341 hujus
2623 4273 2782 4326 fidem
2821 4272 2983 4325 Inixsa
3022 4280 3104 4325 est
3136 4271 3243 4326 Deo
3277 4271 3603 4347 charissima

365 4361 647 4431 κρίνεσθαι
681 4362 816 4430 μήτε
850 4360 1002 4429 παρά
1026 4359 1120 4412 τοῦ
1152 4361 1392 4431 πρώτου,
1428 4365 1569 4434 μήτε
1614 4366 1750 4436 παρ’
1767 4366 1928 4420 ἄλλου

2047 4368 2260 4422 diei-issi
2313 4367 2454 4421 sacri
2510 4366 2708 4420 Montis
2753 4368 3013 4434 episcopo
3055 4365 3314 4437 synodica
3361 4381 3601 4433 praesens

360 4452 525 4515 τινός.
567 4454 699 4521 Περὶ
726 4452 827 4520 μέν
874 4468 957 4504 τοι
986 4450 1095 4504 τῶν
1126 4453 1615 4524 χειροτονουμένων
1645 4457 1796 4525 παρά
1819 4456 1930 4508 τῶν

2047 4458 2351 4521 :ertiflcatio
2396 4470 2450 4513 et
2499 4457 2795 4513 declaratio
2844 4472 2875 4510 a
2927 4456 3116 4523 nobis,
3169 4472 3357 4512 mense
3401 4457 3599 4528 Aprili,

361 4544 596 4612 Σέρόων,
624 4542 1064 4612 παρακελεύεται
1107 4544 1139 4611 ἠ
1180 4545 1470 4614 μετριότης
1498 4546 1657 4617 ἡμῶν
1683 4547 1774 4601 διὰ
1826 4548 1921 4601 τοῦ

2047 4560 2182 4606 sexto
2210 4549 2524 4604 indictionis
2554 4548 2693 4603 6876
2721 4548 2872 4604 anni.
2992 4544 3001 4553 ’

360 4636 626 4706 ταρόντος
690 4635 1057 4703 σιγιλλιώδους
1117 4637 1466 4707 γράμματος,
1523 4641 1598 4709 μὴ
1652 4640 1903 4712 δέχεσθαι
1927 4646 2127 4707 αὐτοὺς
2173 4645 2298 4697 τινὰ
2325 4643 2432 4697 τῶν
2467 4642 2821 4714 Ἀγιορειτῶν
2860 4642 3005 4696 κατά
3052 4643 3112 4694 τὸ
3169 4641 3365 4712 παρὸν,
3396 4641 3502 4704 ἕως
3529 4642 3598 4696 ἂν

356 4735 405 4785 ot
441 4733 757 4804 παρ’ἡμῶν
805 4734 1066 4806 πρέσϐεις
1121 4735 1522 4798 ἀποσταλέντες
1574 4738 1692 4790 ἐκεῖ
1753 4739 2190 4810 ὑποστρέψωσιν,
2241 4738 2330 4791 ἵνα
2383 4736 2629 4807 γνῶμεν,
2656 4736 2816 4806 ετπερ
2863 4732 3153 4806 ήνόλθησαν
3183 4737 3278 4789 καὶ
3312 4734 3598 4787 ὑπείκουσι
3696 4740 3715 4757 "

355 4827 421 4893 τῇ
453 4825 745 4896 καθ’ήμᾶς
798 4826 1078 4899 ἁγιωτάτῃ
1110 4825 1203 4879 τοῦ
1252 4827 1389 4880 Θεοῦ
1436 4829 2003 4903 μεγάλῃἘκκλησίᾳ,
2028 4833 2125 4884 καὶ
2166 4830 2289 4883 τότε
2322 4830 2552 4899 γένηται
2597 4833 2659 4882 τὸ
2702 4828 2862 4881 δέον·
2915 4827 3225 4895 ὀφείλουσιν
3277 4826 3372 4882 οὖν
3422 4828 3596 4882 ταῦτα

357 4919 533 4973 πάντα
587 4919 832 4988 γίνεσθαι
873 4922 1011 4974 κατὰ
1048 4920 1147 4991 τὴν
1197 4920 1480 4989 παροῦσαν
1513 4925 1919 4993 παρακέλευσιν
1967 4927 2065 4993 τῆς
2115 4922 2275 4994 ἡμῶν
2319 4923 2707 4993 μετριότητος.
2738 4921 2905 4976 Ὥστε
2948 4921 3006 4975 δὲ
3060 4923 3269 4993 μηδένα
3313 4921 3597 4992 εὑρίσκειν

355 5011 514 5065 αὐτὸν
566 5012 986 5084 ἱμποδισμδνμῆ
1041 5014 1348 5082 ἀνάκρισιν,
1375 5013 1512 5067 ἀλλά
1542 5015 1719 5070 πάντα
1773 5020 1947 5071 ποιεῖν
1994 5017 2312 5085 ἀκωλύτως,
2342 5020 2437 5071 καὶ
2476 5017 2642 5088 βάρος
2691 5016 2974 5085 ἐπιτιμίου
3008 5015 3324 5087 ἀφορισμοῦ
3353 5017 3596 5086 ὲκφωνετ

354 5107 494 5181 αὕτη
536 5109 681 5161 κατά
712 5108 805 5163 τοῦ
854 5108 1328 5179 βουληθησομὲνου
1376 5110 1722 5185 διενοχλῆσαι
1770 5114 1921 5185 αὐτῷ
1952 5114 2014 5168 τὸ
2074 5114 2297 5168 σύνολον
2331 5113 2425 5168 ἐπί
2470 5130 2576 5167 τινι
2624 5114 2731 5166 ττὶν
2772 5113 3088 5184 ἀνηκόντων
3138 5112 3290 5182 αὐτῷ
3344 5111 3590 5166 δικαίων.

355 5205 447 5266 Εἰς
485 5203 590 5275 γὰρ
642 5203 742 5272 τὴν
799 5203 930 5272 περὶ
964 5202 1156 5257 τούτου
1184 5190 1508 5287 ἀσφάλειαν
1541 5204 1871 5267 ἀπδλέλυται
1898 5209 1976 5278 τῷ
2002 5209 2405 5280 θεοφιλεστάτῳ
2440 5208 2731 5278 ἔπισκόπῳ
2762 5208 3027 5280 Ἱερισσοῦ
3056 5214 3145 5263 καί
3182 5208 3367 5275 Ἀγίου
3396 5207 3593 5276 Ὄρους

357 5300 449 5353 καὶ
486 5299 527 5377 ἡΔ
562 5296 813 5366 παροῦσα
850 5298 1123 5369 ’συνοδικὴ
1150 5298 1445 5371 διάγνωσις
1464 5304 1559 5355 καὶ
1587 5303 1862 5374 ἀπόφασις
1884 5306 1983 5377 τῆς
2016 5306 2176 5376 ἡμῶν
2230 5307 2586 5376 μετριότητος
2619 5304 2763 5359 κατά
2819 5305 2968 5376 μῆνα
3007 5303 3316 5374 Ἀπρίλλιον
3344 5306 3443 5373 τῆς
3487 5304 3595 5356 ὲνι-

356 5370 631 5460 σταμένης
665 5389 831 5462 ἕκτης
860 5390 1189 5453 ίνδικτιῶνος
1215 5392 1308 5444 τοῦ
1333 5391 1525 5457 ,ςωος⁹
1549 5370 1725 5457 ἐτουςξ

434 5480 501 5533 Ἠ
530 5482 819 5551 μετριότης
848 5483 1026 5553 ήμῶν,
1057 5482 1243 5548 καθὼς
1264 5484 1501 5554 εἴρηται,
1531 5488 1701 5541 πολὺν
1727 5489 1920 5557 χρόνον

353 5574 411 5625 ὲν
443 5572 520 5640 τῷ
556 5570 725 5642 ’Δγίῳ
757 5573 914 5642 Ὄρει
965 5572 1317 5643 διατρίψασα,
1343 5574 1529 5636 καθὼς
1560 5576 1655 5629 καὶ
1683 5578 1734 5629 οί
1760 5595 1920 5648 περι-

352 5668 509 5727 ὀντες
533 5662 614 5716 ἔτι
643 5663 755 5717 τῶν
797 5664 1151 5736 Ἀγιορειτῶν
1184 5664 1567 5737 γινώσκουσιν,
1593 5665 1732 5721 οἶδεν
1757 5671 1919 5741 ἀκρι-

2049 5670 2183 5741 ugit,
2209 5671 2432 5725 istarum
2463 5687 2645 5727 rerum
2670 5683 2870 5728 statum
2893 5675 3062 5744 probe
3080 5674 3262 5739 novit;
3282 5673 3421 5728 bene
3443 5674 3588 5727 enim

352 5751 463 5815 δὼς
493 5752 593 5821 τὴν
628 5754 745 5805 ἐκεῖ
778 5754 952 5820 τάξιν,
985 5755 1077 5808 καὶ
1103 5756 1185 5810 ὅτι
1216 5757 1336 5811 τότε
1366 5758 1509 5821 τινὲς
1539 5756 1646 5810 τῶν
1672 5756 1937 5813 δυνατῶν·

2047 5764 2226 5818 cimus
2280 5764 2423 5832 quod
2494 5764 2699 5829 aliquot
2760 5746 3018 5836 proceres
3081 5766 3409 5837 episcopalia
3465 5769 3588 5840 jura

2052 5506 2055 5509 ·
2100 5488 2390 5545 llumilitas
2434 5500 2641 5553 nostra,
2687 5504 2746 5546 ut
2783 5491 2990 5548 dictum
3033 5499 3138 5555 est,
3177 5489 3271 5544 diu
3317 5491 3369 5543 in
3412 5489 3591 5544 Monte

2027 5576 2195 5634 Sacro
2225 5590 2578 5640 ccinmorata,
2612 5592 2671 5636 ut
2701 5580 2883 5636 Sancti
2916 5581 3113 5636 Montis
3144 5580 3443 5635 mouai’hos
3478 5596 3588 5634 nun
