4070 6460
463 379 596 443 12ἒ3

1904 379 2309 440 ADDENDA.-

3585 376 3722 440 1244

459 498 745 552 oﬂ'endere
795 494 976 550 conati
1030 504 1197 558 sunt,
1236 490 1380 562 quod
1439 491 1666 546 minime
1715 492 1982 546 successit
2032 510 2045 546 :

2157 491 2526 562 ἐπεχείρησαν
2582 489 2888 544 καταλῦσαι
2922 490 2990 544 τὰ
3024 489 3119 544 τοῦ
3171 491 3469 544 ἐπισκόπου
3515 492 3717 560 δίκαιά,

461 599 801 658 quapropter
837 586 968 641 illud
1008 585 1159 638 nullo
1203 585 1364 638 modo
1400 583 1505 638 hoc
1541 599 1760 653 quoque
1803 593 2050 654 tempore

465 682 582 736 ﬁeri
627 688 828 750 potest,
858 678 953 732 sed
1001 677 1053 730 in
1106 686 1431 746 perpetuum
1483 676 1694 745 integra
1734 691 1822 730 res
1861 674 2048 730 stabit.

465 771 656 836 Quoad
691 770 988 824 Serborum
1026 768 1426 830 ordinationes,
1457 782 1550 821 eas
1585 783 1734 822 nunc
1768 769 1988 837 quidem
2019 783 2052 822 a

467 864 529 916 S.
563 861 762 916 Montis
792 859 1082 914 monachis
1114 874 1224 912 non
1255 858 1623 913 admittendss
1651 875 1758 913 non
1787 860 2049 924 dicimus;

467 954 562 1008 sed
612 954 702 1008 ubi
745 953 906 1007 simul
949 955 1014 1005 ab
1052 952 1252 1006 unione
1283 950 1663 1016 discesserint,
1696 961 1752 1005 et
1787 951 2052 1004 ecclesia-

469 1063 588 1101 rum
625 1046 784 1101 nobis
814 1046 1158 1100 subditarum
1195 1060 1259 1099 ac
1288 1056 1493 1100 nostra:
1524 1060 1735 1117 magna:
1755 1043 2056 1100 Catholica:

471 1140 732 1195 Ecclesiae
759 1139 1173 1194 lributariarum
1203 1141 1359 1210 potiti
1387 1139 1613 1206 fuerint,
1636 1155 1700 1193 ex
1717 1155 1784 1194 eo
1809 1149 2056 1209 tempore

469 1233 556 1286 isti
613 1247 716 1288 nec
750 1232 861 1286 illic
896 1247 1002 1286 nec
1049 1233 1179 1286 alibi
1219 1233 1527 1302 excipiendi
1567 1241 1698 1287 sunt
1736 1251 1749 1290 :
1789 1233 2053 1302 quoniam

468 1336 652 1381 autem
697 1327 956 1381 unioiiem
1001 1326 1416 1391 desiderarunt,
1457 1336 1511 1380 et
1549 1326 1617 1380 de
1657 1326 1864 1382 unione
1899 1328 2054 1382 missi

469 1428 600 1473 sunt
652 1419 844 1489 legati,
896 1419 1104 1475 idcirco
1159 1420 1436 1472 humilitas
1485 1428 1668 1472 nostra
1701 1420 1800 1474 hos
1831 1420 2057 1474 minime

467 1512 826 1582 excipiendos
857 1514 1024 1578 dicit,
1072 1514 1277 1578 donec,
1330 1513 1625 1569 reducibus
1658 1514 1885 1584 legatis,
1923 1517 2056 1584 quid

473 1609 591 1662 ﬁeri
645 1609 846 1663 debeat
901 1609 1182 1670 sciamus,
1231 1616 1292 1660 ut
1345 1607 1404 1658 lit
1451 1615 1506 1658 et
1557 1605 1644 1658 hic
1683 1605 1740 1658 in
1787 1619 1943 1659 sacra
1994 1621 2058 1660 ac

473 1716 671 1772 magna
707 1702 938 1769 synodo,
983 1709 1040 1754 et
1075 1700 1219 1769 apud
1261 1708 1494 1754 caeteros
1532 1711 1893 1766 quoscunque
1931 1697 2060 1752 huic

473 1793 578 1863 ipsi
617 1793 983 1848 adhaerentes.
1017 1791 1144 1846 [an
1185 1791 1352 1862 igitur
1384 1806 1414 1845 a
1450 1791 1594 1844 sacri
1629 1787 1828 1844 Montis
1866 1788 2060 1845 incolis

475 1887 553 1942 ita
589 1888 741 1941 ﬁant.

2134 584 2250 635 ’καὶ
2289 584 2390 636 ούκ
2427 585 2658 650 ἴσχυσαν
2691 583 2802 636 οὐδ’
2830 583 2967 645 ὅλως
2992 599 3006 612 ·
3037 582 3127 635 διὰ
3172 583 3327 636 τοῦτο
3355 585 3449 637 καὶ
3471 585 3593 638 οὐδὲ
3627 587 3722 639 νῦν

2155 677 2277 727 ἔστι
2301 676 2530 728 δυνατὸν
2559 676 2720 729 τοῦτο
2771 676 3053 745 γενέσθαι,
3075 676 3187 728 ἀλλ’
3211 677 3290 739 είς
3323 678 3382 730 τὸ
3413 679 3656 746 διηνεκὲς
3687 683 3721 750 ἠ

2154 767 2381 836 τοιαύτη
2429 767 2633 839 πρᾶξις
2667 767 3129 838 ἀπαρασάλευτος
3162 769 3554 839 τηρηοήσεται.
3587 772 3725 840 Περὶ

2154 861 2211 912 δὲ
2241 860 2342 928 τῆς
2374 860 2482 912 τῶν
2509 860 2730 931 Σέρσων
2760 862 3118 932 χειροτονίας,
3152 863 3212 914 ού
3241 862 3337 914 νῦν
3372 864 3528 932 ἡμεῖς
3570 863 3724 930 λέγοι

2159 971 2258 1022 μεν
2293 954 2371 1024 μὴ
2420 955 2683 1024 δεχθῆναι
2739 957 2946 1020 ταύτην
3005 958 3157 1027 παρὰ
3198 957 3306 1008 τῶν
3351 957 3721 1024 Ἀγιορειτῶν,

2157 1047 2276 1100 ἀλλ’
2301 1046 2396 1118 ἀφ’
2428 1045 2488 1100 οὗ
2523 1048 2906 1120 ἐχωρίσθησαν
2949 1049 3052 1120 τῆς
3095 1049 3254 1120 ἡμῶν
3284 1050 3592 1115 κοινωνίας,
3633 1050 3725 1104 καὶ

2158 1141 2476 1212 ἐκράτησαν
2509 1142 2608 1203 τὰς
2647 1143 2946 1211 ἐκκλησίας
2978 1143 3073 1204 τὰς
3107 1141 3419 1210 ἁνηκούσας
3444 1143 3596 1213 ἡμῖν,
3635 1145 3726 1196 καὶ

2164 1234 2268 1286 ὑπὸ
2304 1235 2404 1303 τὴν
2436 1233 2561 1286 καθ’
2585 1236 2734 1305 ἡμᾶς
2771 1235 3018 1304 μεγάλην
3055 1236 3146 1288 καὶ
3178 1235 3478 1302 καθολικὴν
3512 1235 3730 1302 Ἐκκλη·

2162 1329 2286 1381 σίαν
2316 1330 2603 1394 τελούσας,
2637 1329 2696 1395 ὲξ
2731 1329 2945 1382 ἐκείνου
2986 1329 3045 1380 ού
3074 1328 3318 1398 δέχονται
3353 1329 3572 1391 τούτους
3599 1329 3726 1380 οὕτε

2159 1419 2397 1473 ἐνταῦθα
2429 1418 2556 1472 οὔτε
2607 1421 2842 1491 ἀλλαχοῦ
2867 1436 2882 1451 ο
2906 1422 3031 1473 ἐπεὶ
3076 1420 3132 1472 δὲ
3179 1419 3454 1489 ἐζήτησαν
3479 1419 3571 1472 νῦν
3595 1420 3726 1472 ἑνω-

2161 1507 2346 1579 θῆναι,
2381 1513 2477 1564 καὶ
2505 1512 2915 1580 ἀπεστείλαμεν
2945 1514 3042 1566 καὶ
3075 1511 3340 1580 πρέσϐεις
3361 1513 3449 1566 διὰ
3477 1513 3574 1584 τὴν
3598 1514 3731 1565 ἔνω-

2161 1619 2271 1667 σιν,
2325 1602 2414 1657 διὰ
2463 1603 2624 1658 τοῦτο
2677 1606 2902 1676 εἴρηκεν
2952 1608 2985 1676 ή
3027 1607 3320 1678 μετριόηης
3350 1607 3528 1676 ἡμῶν,
3568 1609 3732 1676 μήπω

2161 1696 2422 1767 δέχεσθαί
2457 1716 2582 1752 τινα
2615 1699 2867 1763 τούτους,
2899 1699 3004 1762 ἕως
3034 1701 3100 1754 ἂν
3134 1699 3593 1769 ὑποστρεψάντων
3625 1698 3733 1750 τῶν

2165 1791 2456 1858 πρέσϐεων
2484 1792 2869 1862 γνωρίσωμεν,
2890 1795 2942 1847 τί
2970 1792 3154 1863 μέλλει
3178 1793 3528 1863 γενησεσθαι,
3555 1791 3735 1854 καθὼς

2097 1880 2138 1932 Β
2167 1886 2377 1952 γίνεται
2409 1888 2504 1938 καὶ
2532 1886 2770 1939 ἐνταῦθα
2797 1889 2946 1958 παρὰ
2977 1890 3041 1956 τῇ
3077 1887 3203 1958 ἱερᾷ
3234 1885 3330 1939 καὶ
3365 1886 3577 1975 μεγᾲλῃ
3609 1901 3737 1937 συν-

471 1982 600 2054 όδῳ,
632 1987 724 2037 καὶ
750 1983 902 2054 παρὰ
941 1985 1078 2037 πᾶσι
1107 1985 1220 2048 τοῖς
1262 1981 1444 2043 ἄλλοις
1485 1981 1596 2044 τοῖς
1627 1979 1722 2034 ὑπ’
1751 1981 1926 2052 αὐτὴν
1952 1980 2184 2034 τελοῦσι.
2223 1983 2393 2036 Τοῦτο
2420 1983 2553 2050 γοῦν
2579 1984 2816 2047 γινέσθω
2846 1987 2944 2041 καὶ⁸
2968 1985 3238 2056 παρὰτῶν
3261 1987 3654 2038 κατοικούντων
3682 1986 3741 2037 ἐν

475 2077 557 2146 τῷ
599 2077 770 2147 Ἀγίῳ
801 2080 982 2147 Ὀρει.

549 2170 821 2226 Addimus
851 2172 1089 2242 denique
1123 2172 1226 2226 sub
1258 2171 1434 2242 sigillo
1471 2169 1856 2240 patriarcltalis
1889 2169 2065 2240 digni-

2244 2167 2374 2244 Εἷχε
2405 2175 2466 2228 δὲ
2497 2175 2586 2229 διὰ
2611 2175 2804 2244 τιμίας
2831 2174 3240 2244 πατριαρχικῆς
3272 2173 3452 2244 χειρὸς
3479 2175 3560 2235 τὸ,
3591 2173 3742 2225 Φιλό-

477 2264 610 2320 talis
655 2283 668 2320 :
711 2265 1033 2321 Philolhetts
1072 2266 1450 2320 misericordia
1491 2267 1580 2318 Dei
1619 2264 2055 2335 archiepiscopus

2173 2265 2294 2327 θεος
2317 2263 2452 2334 ἐλέῳ
2473 2264 2609 2318 Θεοῦ
2633 2266 3067 2336 ἀρχιεπίσκοπος
3096 2264 3737 2329 Κωνσταντινουπόλεως,

479 2359 1008 2431 Constantinopolis,
1044 2377 1200 2414 nova:
1248 2359 1551 2422 Iioma:,et
1597 2357 1928 2411 universalis
1973 2373 2070 2426 pa-

481 2454 745 2510 triarcba.

2171 2358 2298 2422 νέας
2344 2359 2590 2429 Ῥώμης,
2626 2360 2721 2412 καὶ
2755 2360 3137 2431 οίκουμενικὸς
3174 2359 3539 2430 πατριάρχης.

1051 2797 1842 2912 PHILOTHEI
1923 2795 2892 2910 PATRIARCH/E
2972 2769 3194 2907 ΟΡ.

1703 3006 2024 3070 CONTRA
2075 3005 2531 3069 GREGORAM

1137 3176 2345 3270 ANTIRRHETICORUM
2423 3177 2759 3266 LIBRI
2835 3176 3085 3268 XII.

1851 3361 2011 3425 Vide
2059 3367 2214 3424 tom.
2259 3361 2414 3425 CLI.

1826 3664 2468 3780 EJUSDEM
2574 3594 2582 3603 ’

1177 3883 1828 3979 ENCOMIUM
1910 3885 2501 3979 GREGORII
2584 3884 2964 3976 PALAM
2988 3887 3132 3974 1E.

1955 4066 2120 4129 Vide
2155 4065 2316 4130 ibid.

512 4249 3749 4279 *ῤ’-Μ

1835 4409 1984 4525 EJ
2007 4407 2476 4524 USDEM

1229 4639 1516 4732 VITA
1589 4637 1686 4729 S.
1770 4633 2376 4728 DEME'I‘RII
2459 4629 3122 4724 MAB'I‘YRIS.

1815 4819 1979 4884 Vide
2040 4829 2195 4884 tom.
2251 4819 2473 4883 CXVI.
