4070 6484
371 611 506 680 1301

1661 612 2086 677 PltOFESSlO
2123 615 2359 681 FIDEI.

3495 610 3640 686 1302

365 726 532 778 αὐτοῦ
567 725 624 777 ἐν
658 725 831 796 τούτῳ
871 724 947 795 τῷ
989 726 1144 795 μέρει
1183 725 1607 794 ἀποταχθὲντων
1657 727 1958 796 ἐπιγνωσό-

2777 712 2780 716 ,
3167 689 3187 711 ι

2075 731 2418 798 catholicam,
2457 745 2622 800 quam
2664 739 3018 788 sacrosancta
3055 730 3299 786 Romana
3331 742 3395 783 ac
3421 730 3644 784 univer-

367 832 530 885 μενος
565 818 662 869 καὶ
705 817 1060 887 ὁμολογήσων
1092 817 1188 884 τὴν
1227 816 1528 886 καθολικὴν
1562 817 1765 881 πίστιν,
1804 819 1870 886 ἢν
1915 819 1950 886 ἡ

367 907 617 974 ιεροαγία
652 907 941 978 Ῥωμαῖκὴ
975 907 1294 977 Ἐκκλησία,
1315 907 1411 961 καὶ
1439 908 1795 980 οίκουμενικὴ
1823 912 1952 980 ὁμο-

366 997 534 1068 λογεῖ,
569 1001 780 1068 κρατεῖ,
813 1005 908 1052 καὶ
946 1001 1213 1060 διδάσκει.
1245 1001 1342 1053 καὶ
1391 1007 1521 1066 περὶ
1582 1002 1682 1072 τὴν
1726 1001 1952 1072 διηνεκῆ

367 1093 703 1164 συντήρησιν
755 1093 856 1159 τῆς
904 1091 1075 1161 αὐτῆς
1109 1092 1351 1154 πίστεως
1403 1095 1497 1144 τοῦ
1544 1095 1954 1165 προῤῥηθέντος

365 1184 624 1239 αὖθέντου
653 1185 877 1248 πάππα,
928 1185 1026 1238 καὶ
1061 1185 1175 1238 τῶν
1206 1185 1373 1239 αὑτοῦ
1403 1186 1667 1256 διαδόχων
1706 1173 1953 1260 Ῥωμαῖὲ

367 1277 482 1332 κῶν
531 1279 840 1350 ἀρχιερέων
885 1282 998 1344 τοῖς
1041 1281 1434 1350 προστάγμασι
1479 1281 1952 1351 πεπληρωμένως,

369 1374 465 1427 καὶ
491 1373 830 1440 ἐμπράκτως
871 1373 1330 1444 ὑποκεισόμενος.
1373 1373 1484 1428 Καὶ
1519 1374 1608 1427 διὰ
1643 1373 1800 1427 τοῦτο
1827 1373 1960 1428 ὲνὼ-

367 1481 492 1518 πιον
523 1465 678 1533 ὑμῶν
706 1467 817 1517 τῶν
845 1467 1146 1534 αίδεσίμων
1180 1465 1442 1534 Πατέρων
1476 1465 1514 1517 Γ
1516 1463 1804 1533 ουλιέλμου
1838 1469 1957 1520 ἑπι-

369 1556 574 1608 σκόπου
622 1557 936 1621 Ὀστιένση,
986 1557 1293 1628 Βερνὰρδου
1348 1557 1445 1626 τῆς
1491 1557 1791 1626 ἐκκλησίας
1847 1558 1960 1611 τῶν

367 1647 586 1700 Δώδεκα
622 1650 984 1716 Ἀποστό>.ων,
1016 1649 1112 1702 καὶ
1137 1645 1512 1717 Φραντζίσκου
1539 1649 1640 1718 τῆς
1660 1649 1957 1719 ἐκκλησίας

365 1739 464 1808 τῆς
507 1739 697 1807 Ἀγίας
724 1741 962 1812 Σαδίνης
1010 1740 1422 1815 πρεσϐυτέρων,
1459 1743 1558 1794 καὶ
1599 1738 1957 1814 Ῥαῖμούνδου

365 1829 462 1882 τοῦ
504 1831 662 1896 ἁγίου
713 1832 994 1901 Ἀδριανοῦ
1025 1832 1278 1886 διακόνου
1326 1832 1694 1902 καρδιναλίων
1743 1835 1962 1908 ἐπιτρό-

368 1937 486 1972 πων
518 1921 612 1972 ἐπὶ
641 1923 855 1984 τούτοις
879 1924 991 1976 ἀπὸ
1014 1923 1107 1976 τοῦ
1136 1924 1433 1994 εἰρημένου
1457 1924 1722 1980 αὑθέντου
1758 1925 1959 1980 πάππα

366 2002 855 2082 ἀποτεταγμένων,
889 2018 984 2069 καὶ
1025 2015 1119 2069 τοῦ
1157 2017 1443 2086 αίδεσίμου
1482 2017 1677 2086 ἀνδρὸς
1730 2017 1831 2089 τῆς
1861 2019 1960 2074 αὑ-

2058 823 2190 878 salis
2231 822 2477 877 Ecclesia
2532 821 2856 892 profitetur,
2911 828 3060 876 tenet
3104 828 3162 876 et
3195 819 3377 880 docet.
3404 829 3461 876 et
3495 821 3644 874 circa

2057 921 2383 982 perpetuam
2436 911 2848 967 observantiam
2901 910 3152 980 ejusdem
3211 911 3378 974 lidei,
3433 909 3644 980 pradati

2057 999 2268 1058 domini
2312 1017 2485 1072 papae,
2511 1017 2573 1055 ac
2603 1016 2830 1056 suorum
2859 1016 3246 1059 Successorum
3270 1001 3644 1055 Romanorum

2058 1093 2383 1164 pontiﬁcum
2431 1093 2706 1149 mandatis
2735 1093 2984 1163 plenarie
3011 1103 3067 1148 et
3101 1093 3395 1148 ellicaciter
3438 1093 3651 1161 parituo

2059 1202 2178 1240 rus.
2206 1186 2446 1255 Ideoque
2475 1187 2528 1240 in
2566 1187 2857 1256 praesentia
2888 1197 3157 1248 vestrum,
3195 1186 3642 1240 reverendissimi

2057 1277 2269 1342 Patres,
2320 1277 2528 1332 domini
2573 1277 2860 1335 Gniliclme
2916 1278 3172 1346 episcopo
3223 1277 3533 1340 Ostiensis,
3593 1283 3650 1329 et

2059 1367 2336 1424 Bernarile
2357 1371 2600 1426 basilicae
2633 1370 2930 1426 Duodecim
2956 1371 3372 1440 Apostolorum,
3394 1386 3457 1423 ac
3477 1371 3650 1424 Fran-

2061 1462 2206 1516 eisce
2231 1461 2374 1516 tituli
2409 1461 2626 1517 Sanctae
2659 1463 2900 1528 Sabinae,
2925 1465 3254 1536 presbyteri,
3282 1473 3338 1516 et
3369 1464 3649 1535 Raynalde

2063 1552 2252 1610 Sancti
2309 1555 2534 1611 Adriani
2595 1557 2850 1622 diacone,
2901 1557 3241 1620 cardinales,
3278 1555 3646 1610 commissarii

2063 1661 2228 1717 super
2259 1648 2362 1703 hoc
2391 1663 2420 1703 a
2457 1647 2684 1719 prmfato
2705 1649 2932 1704 domino
2963 1664 3102 1719 papa
3135 1649 3408 1718 deputati,
3446 1664 3512 1703 ac
3551 1665 3650 1701 vc-

2062 1740 2344 1796 nerabiles
2403 1741 2508 1795 viri
2543 1742 2793 1810 ejusdem
2837 1741 2986 1797 sedis
3031 1741 3258 1805 notarii,
3308 1752 3366 1796 et
3425 1741 3650 1795 testium

2064 1831 2540 1902 infrascriptorum
2583 1836 2955 1904 personaliter
2990 1835 3352 1898 constitutus,
3386 1835 3652 1902 prollteor

2063 1933 2120 1978 et
2149 1925 2316 1978 credo
2345 1935 2596 1982 sanctam
2633 1926 2987 1990 Trinitatem,
3021 1927 3240 1982 Patrem
3272 1935 3330 1981 et
3371 1925 3565 1980 Filium
3597 1933 3658 1979 et

2064 2013 2332 2085 Spiritum
2357 2029 2633 2080 sanctum,
2663 2034 2835 2072 unum
2866 2019 3035 2074 Deum
3063 2019 3531 2087 omnipotentem,
3567 2026 3649 2068 to-

367 2105 468 2172 τῆς
501 2106 772 2178 καθέδρας
803 2109 1080 2180 νοταρίου,
1121 2113 1218 2165 καὶ
1254 2111 1554 2181 μαρτύρων
1583 2110 1963 2182 ὑποτεταγμέ-

2075 2116 2294 2178 tamque
2356 2109 2411 2164 in
2466 2108 2742 2165 Trinitate
2791 2112 3081 2176 deitatem,
3123 2111 3540 2166 coessentialem
3592 2121 3650 2162 et

372 2211 500 2260 νων,
530 2196 978 2267 αὖτοπροσώπως
1014 2200 1408 2265 κατατταθεὶς,
1451 2201 1704 2270 ὁμολογῶ
1750 2202 1842 2255 καὶ
1875 2221 1962 2256 m-

374 2288 552 2340 στεύω
582 2288 682 2358 τὴν
720 2291 888 2357 ἁγίαν
914 2291 1144 2360 Τριάδα,
1180 2292 1272 2344 τὸν
1306 2291 1526 2363 Πατέρα
1562 2293 1774 2348 καὶτὸν
1805 2293 1958 2358 Υἰὺν,

369 2381 466 2433 καὶ
503 2381 564 2434 τὸ
592 2381 749 2450 ἅγιον
783 2383 1027 2453 Πνεῦμα,
1059 2386 1156 2437 ἕνα
1192 2385 1326 2438 Θεὸν
1355 2386 1791 2458 παντοδύναμον,
1835 2387 1964 2457 ὃλην

369 2487 429 2523 τε
474 2473 532 2524 έν
563 2474 780 2544 θεότητι
812 2479 911 2543 τὴν
941 2477 1173 2544 Τριάδα,
1209 2477 1654 2548 ὁμοοΰπαρκτον,
1698 2481 1792 2532 καὶ
1827 2481 1957 2547 ὁμο-

370 2562 572 2630 ούσιον,
601 2567 891 2632 συναῖδιον,
926 2571 1019 2622 καὶ
1053 2569 1499 2642 παντοκράτορα,
1532 2573 1661 2639 μιᾶς
1687 2571 1963 2639 θελήσεως

373 2655 466 2706 καὶ
510 2655 784 2721 ἐξουσίας,
831 2661 926 2712 καὶ
987 2662 1438 2732 μεγαλειότητος,
1489 2664 1676 2733 πάσης
1729 2664 1962 2724 κτίσεως

372 2750 624 2818 ποιητὴν,
655 2750 715 2812 ἐξ
741 2745 802 2805 οῦ
836 2753 904 2804 τὰ
939 2754 1137 2813 πάντα,
1165 2753 1234 2806 δι’
1260 2750 1321 2808 οὗ
1357 2754 1426 2810 τὰ
1459 2756 1641 2808 πάντα
1673 2754 1741 2806 τὰ
1769 2753 1828 2806 ὲν
1866 2753 1958 2806 οὐ·

2029 2262 2043 2271 .
2066 2200 2623 2265 consubstantialem,
2649 2213 2984 2260 coaeternam
3019 2214 3076 2258 et
3110 2202 3649 2272 coomnipotentem,

2069 2291 2234 2345 unius
2259 2292 2586 2358 voluntatis,
2625 2294 2934 2364 potestati~,
2963 2304 3019 2349 et
3050 2295 3380 2365 titajestatis.
3424 2293 3652 2348 Creato-

2067 2399 2182 2438 rem
2205 2384 2454 2439 omnium
2521 2397 2929 2448 creaturarum.
2999 2402 3068 2443 ex
3122 2403 3233 2455 quo
3293 2387 3501 2445 omnia,
3555 2399 3654 2452 per

2065 2490 2228 2545 quem
2266 2479 2474 2542 omnia,
2525 2479 2580 2532 in
2617 2495 2729 2548 quo
2766 2479 2972 2544 omnia,
3014 2496 3137 2549 qua:
3175 2489 3306 2533 sunt
3336 2481 3388 2531 in
3423 2479 3564 2532 caelo
3597 2486 3661 2530 et

2065 2568 2120 2622 in
2159 2577 2328 2632 terra,
2359 2569 2599 2624 visibilia
2636 2580 2692 2625 et
2733 2570 3060 2634 invisibilia,
3097 2573 3403 2640 corporalia
3439 2581 3496 2624 et
3542 2571 3655 2638 spi-

2065 2659 2304 2713 ritualia.
2342 2659 2474 2712 Item
2500 2659 2672 2714 credo
2694 2661 2970 2732 singulam
2993 2678 3270 2731 quamque
3301 2663 3355 2716 in
3382 2661 3656 2716 'l‘rinitate

2065 2767 2382 2822 personam,
2410 2769 2579 2808 unum
2601 2755 2980 2822 verumﬁeum
3009 2755 3232 2823 plenum
3250 2765 3306 2809 et
3325 2756 3650 2824 perfectum.

379 2847 525 2919 ρανῷ
553 2847 647 2902 καὶ
697 2847 767 2900 τὰ
809 2849 866 2899 ὲν
894 2850 960 2917 τῇ
993 2852 1087 2920 γῇ,
1141 2848 1337 2919 ὁρατὰ,
1376 2847 1690 2920 σωματικὰ,
1735 2849 1830 2902 καὶ
1859 2846 2044 2919 νοερὰ.
2077 2846 2200 2902 Ἔτι
2245 2849 2485 2914 πιστεύω
2506 2847 2755 2918 ιὲκαττον
2796 2849 2854 2903 ἐν
2888 2851 2953 2918 τῇ
2989 2849 3178 2919 Τριάδι
3211 2849 3526 2918 πρόσωπον,
3558 2850 3659 2904 ἕνα

376 2941 554 3012 ἀληθῆ
586 2941 719 2994 Θεὸν
747 2941 975 3004 τέλειον,
1010 2944 1103 2994 καὶ
1139 2941 1348 3013 πλήρη.

449 3097 472 3130 σ
507 3079 756 3136 Πιστεύω
781 3081 943 3137 αὑτὸν
968 3082 1060 3143 τὸν
1095 3082 1189 3137 τοῦ
1220 3081 1356 3135 Θεοῦ
1392 3080 1519 3134 Υίὺν
1546 3082 1638 3135 τὸν
1665 3079 1839 3147 Λόγον
1865 3080 1960 3134 τοῦ

375 3172 512 3226 Θεοῦ
543 3173 633 3230 τὸν
665 3174 900 3236 αίων¹ωε
936 3175 999 3230 lx
1027 3173 1117 3230 τοῦ
1144 3173 1357 3242 Πατρὸς
1380 3173 1726 3243 γεννηθέντα,
1763 3172 1959 3241 ὁμοούο

377 3283 510 3328 σιον,
546 3267 677 3332 μιᾶς
697 3268 789 3320 καὶ
810 3266 909 3332 τῆς
929 3267 1101 3335 αὐτῆς
1131 3267 1439 3334 δυνάμεως,
1477 3266 1572 3320 καὶ
1596 3265 1792 3320 ταυτὸν
1827 3264 1970 3319 κατὰ

377 3358 556 3416 πάντα
582 3358 657 3426 τῷ
679 3346 852 3427 Πατρὶ
887 3358 946 3410 ἐν
981 3361 1045 3426 τῇ
1081 3357 1318 3427 θεότητι,
1345 3358 1404 3410 ὲν
1438 3357 1616 3428 χρόνῳ
1645 3357 1971 3426 γεννηθέντα

2148 3073 2355 3129 «ϐινεόο
2385 3073 2564 3141 ipsum
2588 3075 2782 3130 Filium
2803 3074 3164 3133 Dei.Verbnm
3187 3073 3303 3140 Dei,
3320 3077 3662 3131 aeternaliter

2072 3175 2262 3220 natum
2296 3181 2360 3220 ex
2401 3165 2582 3232 Patre,
2627 3165 3183 3229 consubstantialem,
3219 3168 3385 3221 unius
3415 3179 3470 3221 et
3505 3168 3654 3237 ejus-

2073 3255 2196 3310 dem
2246 3257 2666 3325 omnipotentia:
2689 3267 2744 3311 et
2775 3257 3111 3324 eoa-qualem
3153 3273 3250 3326 per
3279 3256 3470 3310 omnia
3509 3257 3653 3311 Patri

2074 3348 2130 3403 in
2163 3349 2458 3404 divinitate
2489 3365 2504 3404 ε
2534 3349 2588 3404 in
2645 3359 2896 3419 tempore
2951 3338 3277 3417 r-oriceptum
3328 3349 3398 3403 de
3445 3349 3658 3418 Spiritu

378 3453 442 3504 ὲκ
460 3450 782 3522 Πνεύματος
812 3452 992 3521 ἁγίου,
1029 3452 1120 3506 καὶ
1151 3451 1374 3521 Μαρίας
1397 3451 1494 3518 τῆς
1519 3449 1797 3519 Παρθένου
1833 3450 1970 3519 μετὰ

2075 3452 2292 3503 sancto.
2335 3452 2522 3497 natum
2551 3459 2616 3499 ex
2638 3444 2801 3498 Maria
2833 3459 3053 3516 semper
3077 3445 3290 3513 virgine
3310 3459 3436 3498 cum
3475 3443 3658 3497 anima

379 3547 557 3614 ψυχῆς
627 3545 885 3612 λογικῆς,
932 3543 1028 3599 δύο
1077 3545 1367 3613 γεννήσεις
1430 3544 1660 3614 ἔχοντα,
1715 3544 1846 3611 μίαν
1902 3545 1967 3595 ἐκ

379 3637 472 3696 τοῦ
527 3636 738 3700 Harpe;
802 3636 1045 3697 αἰώνιον.
1083 3637 1280 3705 ἑτέραν
1330 3638 1396 3690 ὲκ
1425 3637 1526 3706 τῆς
1560 3635 1786 3704 Μητρὸς
1843 3652 1969 3702 χρο-

381 3730 572 3800 νικὴν,
631 3727 765 3784 Θεὸν
831 3729 1120 3796 ἀληθινὸν,
1167 3727 1262 3784 καὶ
1333 3727 1626 3798 ἄνθρωπον
1691 3725 1970 3796 ἀληθινὸν,

385 3822 519 3874 ίδιον
583 3821 643 3874 ἐν
706 3819 954 3891 ἑκατέρα
1012 3820 1198 3890 φύσει,
1246 3819 1342 3874 καὶ
1384 3820 1615 3887 τέλειον,
1668 3819 1729 3872 ού
1783 3819 1972 3890 χάριτι

382 3915 507 3968 οὐδὲ
549 3915 692 3968 κατὰ
723 3915 1051 3982 φαντασίαν,
1087 3913 1208 3966 ἁλλ’
1232 3913 1412 3984 ἀληθῆ
1451 3914 1546 3968 καὶ
1575 3913 1672 3966 ἕνα
1701 3913 1833 3969 Υίδν
1877 3912 1975 3966 τοῦ

385 4010 544 4071 θεοῦ,
580 4010 638 4061 ὲν
671 4008 764 4060 δύο
794 4007 1016 4074 φύσεσι,
1050 4008 1145 4060 καὶ
1178 4008 1244 4060 ὲκ
1269 4007 1383 4074 δύο,
1419 4007 1516 4076 τῆς
1550 4007 1725 4072 Θείας,
1758 4006 1851 4059 καὶ
1883 4007 1979 4062 ἀνι-

387 4100 670 4169 ορωπίνης
724 4098 964 4167 φύσεως,
998 4097 1113 4150 ἁλλ’
1148 4101 1205 4150 έν
1237 4099 1452 4167 ἑνότητι
1490 4098 1609 4158 ἑνὸς
1651 4097 1976 4168 προσώπου,

389 4196 576 4264 ἀπαθῆ
615 4194 714 4263 μὲν
745 4193 840 4244 καὶ
873 4191 1144 4244 ἀθάνατον
1173 4193 1239 4259 τῇ
1271 4189 1509 4260 θεότητι,
1543 4189 1658 4241 ἀλλ’
1681 4191 1740 4242 ὲν
1778 4192 1843 4262 τῇ
1879 4191 1976 4242 ἁν-

389 4287 638 4358 θρωπίνη
690 4282 830 4352 ὑπὲρ
868 4281 1028 4351 ἡμῶν
1081 4281 1174 4333 καὶ
1222 4283 1321 4350 τῆς
1363 4281 1647 4350 ἡμετέρας
1697 4280 1979 4350 σωτηρίας

390 4381 632 4436 παθόντα
661 4375 856 4446 ἀληθεῖ
900 4374 1062 4429 πάθει
1099 4373 1324 4439 σαρκὸς,
1357 4372 1730 4441 νεκρωοέντα,
1759 4375 1856 4428 καὶ
1886 4391 1982 4426 τας

391 4473 584 4543 φέντα,
638 4470 735 4523 καὶ
790 4464 1111 4521 καταϐάντα
1154 4465 1235 4528 είς
1273 4465 1364 4518 τὸν
1395 4463 1550 4538 ᾅδην,
1585 4463 1681 4516 καὶ
1711 4467 1775 4535 τῇ
1819 4465 1981 4538 τρίτῃ

390 4569 574 4636 ἡμέρᾳ
605 4565 922 4616 ἀναστάντα
963 4557 1074 4611 ἀπὸ
1114 4557 1222 4609 τῶν
1267 4556 1502 4627 νεκρῶν,
1535 4556 1730 4628 ἀληθεῖ
1777 4560 1980 4628 σαρκὸς

392 4656 709 4716 ἀναστάσει,
748 4653 844 4706 καὶ
873 4651 1057 4724 ἡμέρα
1091 4652 1510 4721 τεσσαρακοστῇ
1551 4649 1693 4719 μετὰ
1725 4651 1824 4722 τὴν
1853 4652 1984 4704 ivi-

394 4767 606 4808 στασιν.
643 4746 766 4800 καθ’
794 4747 860 4815 ἣν
897 4745 1128 4813 ἀνέστη,
1161 4742 1459 4796 ἀνελθόντα
1501 4744 1580 4807 είς
1608 4743 1701 4796 τὸν
1728 4745 1979 4812 ούρανλν,

394 4845 486 4898 καὶ
520 4839 889 4908 καθεζόμενον
920 4840 989 4891 ἐκ
1031 4834 1225 4902 δεξιῶν
1257 4835 1352 4888 τοῦ
1401 4835 1633 4906 Πατρδς,
1662 4837 1786 4888 ὅθεν
1831 4836 1983 4889 ὲλεύ-
2017 4818 2058 4869 θ

394 4955 550 4991 σεται
577 4936 763 5006 κρῖναι
788 4931 998 4996 ζῶντας
1025 4932 1120 4982 καὶ
1151 4930 1403 5002 νεκροὺς,
1427 4928 1727 4982 ἀποδώσων
1757 4931 1838 4983 ἐνὶ
1859 4929 1986 4983 ἐκά-

395 5049 507 5100 στῳ
534 5027 676 5081 κατὰ
706 5026 773 5079 τὰ
807 5025 943 5094 ἔργα
980 5021 1172 5086 αὐτοῦ,
1214 5024 1322 5075 εἴτε
1354 5020 1540 5089 ἁγαθὰ
1575 5021 1845 5089 ἐγένοντο,
1877 5025 1986 5076 εἴτε

395 5126 565 5180 κακά.
601 5118 850 5175 Πιστεύω
880 5116 976 5169 καὶ
1022 5116 1084 5169 τὸ
1122 5114 1348 5185 Πνεῦμα
1392 5113 1453 5167 τὸ
1493 5113 1651 5182 ἅγιον
1679 5115 1860 5186 πλήρη
1892 5115 1988 5167 καὶ

395 5217 600 5269 τέλειον
632 5213 766 5265 Θεὸν
791 5206 1071 5278 ἀληθινὸν,
1101 5209 1165 5260 ὲκ
1191 5208 1407 5282 Πατρδς
1430 5206 1526 5260 καλ⁸
1547 5205 1678 5261 Υίοῦ
1698 5204 1990 5275 ἐκπορευό-

357 5377 369 5385 ,
400 5325 586 5381 μενον,
615 5305 816 5359 ταυτὸν
871 5303 970 5356 καὶ
1013 5303 1430 5372 ὁμοΰπαρκτον,
1474 5303 1571 5354 καὶ
1617 5299 1986 5370 ὁμοδύναμον,

399 5401 494 5452 καὶ
532 5396 806 5450 συναῖδιον
843 5391 986 5446 κατὰ
1016 5391 1196 5446 πάντα
1225 5392 1404 5461 Πατρὶ
1438 5393 1533 5446 καὶ
1567 5390 1706 5459 Υίῷ.
1746 5391 1993 5443 Πιστεύω

398 5495 607 5560 ταύτην
639 5489 737 5559 τὴν
759 5486 921 5555 ἁγίαν
957 5483 1172 5559 τριάδα,
1199 5483 1260 5535 οὐ
1295 5485 1445 5555 τρεῖς
1477 5476 1618 5537 εἶναι
1651 5483 1807 5548 θεοὺς
1827 5521 1842 5545 ,
1876 5481 1993 5536 ἁλλ’

401 5585 497 5639 ἕνα
530 5583 662 5636 Θεὸν
696 5581 1112 5653 παντοκράτορα
1141 5618 1155 5643 ,
1209 5577 1465 5640 αἰώνιον,
1519 5578 1786 5649 ἀόρατον,
1831 5576 1994 5634 cive).-

405 5683 649 5735 λοίωτον.

483 5837 502 5871 ο
549 5817 799 5872 Πιστεύω
829 5818 924 5889 τὴν
954 5817 1116 5882 ἁγίαν
1142 5815 1458 5885 καθολικὴν,
1493 5813 1588 5870 καὶ
1627 5811 1997 5880 ἁποστολικῆν

411 5912 541 5980 μίαν
568 5911 740 5979 ἀληθῆ
768 5909 907 5964 εἶναι
925 5909 1276 5979 Ἐκκλησίαν,
1301 5909 1358 5959 ὲν
1448 5908 1506 5959 ἓν
1536 5905 1738 5960 δίδοται
1767 5904 1998 5975 βάπτισ-

415 6023 514 6074 μα,
549 6003 644 6057 καὶ
675 6003 884 6070 ἀληθὴς
917 6005 1114 6071 ἄφεσις
1156 6002 1376 6057 πάντων
1413 6000 1525 6052 τῶν
1557 5997 1994 6070 ἁμαρτημάτων.

418 6097 663 6152 Πιστεύω
689 6096 862 6167 ἀληθῆ
896 6098 1196 6150 ἀνάστασιν
1237 6093 1335 6164 τῆς
1368 6093 1536 6163 αὐτῆς
1570 6089 1772 6163 σαρκὸς
1808 6091 1876 6161 ἢν
1903 6090 1998 6144 νῦν

2075 3534 2369 3599 rationali;
2421 3536 2562 3591 duas
2622 3537 2916 3591 habentem
2979 3536 3340 3590 nativitates:
3387 3551 3551 3589 unam
3593 3551 3663 3588 ex

2077 3625 2238 3680 Patre
2291 3635 2578 3690 atternam,
2633 3627 2862 3681 alteram
2911 3642 2978 3680 ex
3041 3627 3215 3680 Matre
3272 3626 3661 3694 corporalem;

2077 3719 2251 3774 Deum
2306 3736 2496 3774 verum
2537 3731 2594 3774 et
2643 3721 2921 3774 hominem
2988 3736 3202 3783 verum,
3261 3717 3545 3789 proprium
3604 3719 3660 3770 in

2079 3824 2314 3884 utraque
2344 3825 2539 3868 natura
2571 3828 2737 3882 atque
2771 3811 3080 3882 perfectum
3110 3829 3124 3876 ;
3164 3825 3272 3864 non
3315 3811 3660 3880 adoptivum,

2079 3923 2261 3979 neque
2286 3909 2584 3962 secundum
2616 3904 2984 3976 phantasiam,
3017 3903 3113 3958 sed
3137 3919 3332 3958 verum
3365 3902 3665 3957 etunicum

2079 4002 2279 4058 Filium
2325 3999 2444 4061 Dei,
2481 4000 2534 4054 in
2565 3997 2783 4054 duabus
2812 4005 2868 4051 et
2893 4012 2961 4052 ex
2997 3997 3235 4062 duabus,
3282 3996 3470 4050 divina
3517 3996 3669 4051 scili-

2078 4104 2168 4150 cet
2197 4105 2248 4148 et
2283 4094 2544 4157 humana,
2580 4091 2817 4157 naturis,
2847 4091 2946 4148 sed
2986 4091 3041 4146 in
3080 4089 3248 4145 unius
3277 4088 3666 4156 singularitate

2083 4203 2361 4258 persorue;
2411 4185 2806 4253 impassibilem
2843 4193 2896 4240 et
2952 4182 3324 4239 immortalem
3351 4181 3668 4246 divinitate,

2080 4282 2177 4335 sed
2213 4282 2266 4334 in
2298 4280 2640 4337 humanitate
2672 4293 2772 4348 pro
2799 4277 2960 4334 nobis
2990 4286 3047 4334 et
3094 4275 3274 4333 salute
3306 4286 3501 4329 nostra
3541 4289 3669 4343 pas-

2081 4387 2227 4437 sum,
2265 4387 2393 4426 vera
2416 4371 2600 4426 carnis
2632 4368 2888 4440 passione
2914 4385 2930 4437 ;
2960 4377 3244 4428 mortuum
3274 4375 3332 4424 et
3365 4366 3667 4436 sepultum;

2081 4476 2138 4520 et
2157 4465 2512 4522 descendisse
2536 4465 2603 4520 ad
2635 4465 2878 4530 inferos;
2900 4472 2958 4519 et
2988 4463 3148 4520 tertia
3172 4461 3264 4518 die
3295 4459 3672 4516 resorrexisse

2082 4571 2114 4611 a
2142 4556 2401 4619 mortuis,
2448 4572 2574 4612 vera
2601 4555 2785 4611 carnis
2817 4553 3232 4610 resurrectione
3261 4567 3277 4616 ;
3315 4550 3406 4606 die
3435 4547 3678 4618 quadra-

2086 4651 2296 4726 gesimo
2335 4659 2460 4721 post
2513 4648 3007 4708 resurrectionem,
3049 4659 3173 4701 cum
3227 4657 3418 4708 carne,
3449 4655 3557 4711 qua
3590 4655 3684 4694 res

2087 4741 2351 4806 surrexit,
2382 4749 2438 4796 et
2465 4741 2672 4803 anima,
2703 4739 3022 4795 ascendisse
3039 4735 3108 4793 ad
3141 4734 3368 4799 malum,
3398 4742 3455 4786 et
3482 4732 3684 4786 sedere

2089 4836 2154 4890 ad
2186 4836 2466 4888 dexteram
2523 4831 2624 4887 Dei
2662 4830 2879 4897 Patris;
2925 4828 3054 4884 inde
3093 4835 3388 4882 venturum
3418 4823 3686 4893 judicare-

2090 4928 2246 4982 vivos
2280 4936 2335 4982 et
2364 4933 2633 4986 mortuos,
2666 4932 2722 4977 et
2751 4920 3100 4977 redditurum
3135 4905 3437 4986 unicuique
3471 4931 3686 4971 secun‘

2091 5021 2222 5077 dum
2245 5036 2409 5089 Opera
2443 5033 2566 5081 sua,
2592 5016 2712 5074 sive
2738 5016 2882 5071 bona
2915 5013 3126 5070 fuerint
3149 5012 3267 5066 sive
3299 5010 3464 5066 mala.
3495 5007 3692 5062 Credo.

2092 5117 2257 5172 etiam
2296 5114 2563 5183 Spiritum
2597 5117 2879 5175 sanctum,
2903 5106 3130 5191 plenum
3156 5116 3215 5162 et
3243 5104 3551 5175 perlectum
3586 5117 3686 5155 νυο-

2095 5222 2333 5278 rumque
2372 5205 2569 5268 Deum,
2605 5217 2672 5258 ex
2738 5200 2904 5258 Patre
2954 5207 3013 5256 et
3057 5196 3200 5256 Filio
3247 5196 3684 5266 procedentem;

2095 5299 2454 5370 coaequalcm,
2493 5306 2550 5351 et
2575 5293 3029 5359 eoessentialem,
3050 5300 3109 5347 et
3139 5287 3682 5356 eoomnipotentem,

2095 5404 2151 5454 et
2177 5403 2513 5450 cozeternum
2543 5407 2641 5462 per
2666 5388 2850 5445 omnia
2872 5385 3023 5443 Patri
3053 5392 3112 5442 et
3141 5383 3305 5440 Filio.
3337 5380 3519 5436 Credo
3540 5380 3692 5433 hanc

2096 5497 2344 5544 sanctam
2370 5485 2722 5547 Trinitatem,
2739 5498 2847 5536 non
2871 5490 2982 5538 tres
3002 5480 3160 5542 deos,
3187 5475 3286 5533 sed
3317 5489 3486 5530 unum
3507 5473 3679 5526 Deum

2097 5579 2246 5633 omni
2255 5578 2560 5647 pd'hntem,
2583 5586 2877 5640 aeternum,
2915 5571 3277 5636 invisibilem,
3297 5578 3356 5626 et
3375 5568 3684 5624 incommu-

2100 5671 2346 5726 tabilem.

2178 5827 2197 5860 ι
2233 5807 2414 5863 Credo
2487 5817 2733 5862 sanctam
2809 5805 3137 5861 catholicam
3212 5813 3268 5860 et
3330 5800 3695 5872 apostolicam

2103 5919 2266 5958 unam
2302 5916 2424 5956 esse
2472 5915 2658 5956 veram
2703 5898 3031 5961 Ecclesiam,
3069 5899 3123 5950 in
3164 5910 3276 5966 qua
3319 5911 3488 5949 unum
3527 5893 3696 5947 datur

2102 5995 2403 6063 baptisma,
2467 6002 2522 6048 et
2557 6007 2686 6046 vera
2714 5989 2964 6044 omnium
3010 5987 3266 6043 remissio
3308 5995 3688 6054 peccatorum.

2101 6089 2279 6147 Credo
2302 6102 2488 6143 veram
2529 6083 2998 6141 resurrectionem
3022 6081 3270 6152 ejusdem
3303 6079 3508 6145 carnis,
3529 6092 3710 6148 quau:-
