4070 6500
340 176 479 253 13333
566 220 611 273 η

1658 185 2080 248 PROFESSIO
2120 182 2361 244 FIDEI.

3469 169 3608 232 1306

337 303 536 372 κλησία
592 303 759 369 ἄκρον
822 302 918 355 καὶ
966 302 1174 372 πλῆρες
1223 304 1520 373 πρωτεῖον,
1585 304 1678 355 καὶ
1738 302 1912 373 ἀρχὴν

2046 312 2296 353 nmmum
2321 305 2375 350 et
2396 295 2619 366 plenum
2641 291 2936 362 primatum
2970 299 3024 343 ct
3049 288 3414 359 principatum
3445 300 3612 353 super

340 397 431 446 ἐπὶ
453 393 634 447 πᾶσαν
657 393 756 460 τὴν
786 393 1085 464 καθολικὴν
1124 395 1456 459 Ἐκκλησίαν
1488 397 1733 463 κατέχει.
1771 395 1837 446 Ὃ
1857 392 1921 463 δὴ

339 488 608 556 πρωτεῖον
634 484 727 537 ἀπ’
758 484 925 537 αὐτοῦ
961 485 1052 538 τοῦ
1085 487 1293 557 Κυρίου
1315 488 1372 540 ἐν
1400 488 1477 557 τῷ
1513 488 1922 558 μακαριωτάτη)

342 579 450 631 τῶν
485 578 802 630 ἀποστόλων
833 578 1077 647 ἄρχοντι,
1106 578 1139 646 ἢ
1174 579 1484 647 κορυφαίῳ,
1514 573 1575 632 οὗ
1606 581 1634 631 ό
1664 579 1761 647 τῆς
1792 579 1924 631 Ῥώ-

345 685 450 736 μης
480 670 770 739 ἀρχιερεύς
811 671 926 722 ἔστι
971 669 1215 739 διάδοχος
1255 669 1392 738 μετὰ
1428 669 1670 740 πλήρους
1704 671 1807 741 τῆς
1841 669 1924 734 ἐξ-

341 761 550 823 ουσίας,
573 761 855 828 εἰληφέναι
879 760 1095 826 ἀληθῶς
1128 761 1223 812 καὶ
1248 760 1521 821 ταπεινῶς
1545 762 1923 828 ἐπιγινώσκει.

347 850 676 918 Καὶῶσπερ
732 851 887 921 παρά
934 852 1061 912 τοὺς
1106 851 1331 913 λοιποὺς
1371 853 1655 919 κρατεῖται
1687 852 1788 920 τὴν
1826 838 1951 920 τῆς

349 938 587 998 πίστεως
609 937 868 1005 ἀλήθειαν
892 938 1127 991 ὲκδικεῖν
1151 953 1164 969 ·
1198 937 1369 999 οὕτως
1407 941 1500 991 καὶ
1530 939 1583 990 εί
1604 957 1749 1003 τινες
1778 939 1926 1007 λόγοι

346 1028 475 1099 περὶ
501 1028 600 1098 τῆς
628 1030 868 1092 πίστεως
901 1029 1220 1100 ἀνεφύησαν
1252 1030 1393 1083 κατά
1424 1031 1524 1101 τὴν
1548 1031 1713 1084 αὐτοῦ
1745 1030 1926 1100 κρίσιν

344 1119 656 1188 ὀφείλουσιν
679 1120 772 1174 τὸν
799 1121 1032 1191 ὁρισμὸν
1055 1122 1155 1192 τῆς
1187 1122 1515 1190 ἀποφάσεως
1542 1123 1923 1194 ἐπιδέχεσθαιο

346 1212 481 1281 πρὸς
507 1212 574 1283 ἢν
611 1212 938 1282 Ἐκκλησίαν
972 1213 1207 1276 ἕκαστος
1245 1214 1618 1284 βαρυνόμενος
1651 1215 1709 1267 ἐν
1752 1214 1928 1283 πράγ-

350 1321 518 1373 μασιν
563 1306 645 1368 ei;
690 1307 1158 1378 ἐκκλησιαστικὴν
1188 1308 1454 1378 ἀνήκουσι
1489 1309 1699 1376 κρίσιν,
1741 1307 1928 1374 ἔφεσιν

350 1396 579 1452 δύναται
611 1400 809 1453 ποιεῖν.
838 1401 951 1454 Καὶ
981 1401 1165 1469 μέντοι
1205 1401 1299 1454 καὶ
1328 1402 1387 1454 ὲν
1418 1402 1626 1463 πάσαις
1649 1404 1770 1464 ταῖς
1803 1401 1930 1454 ὑπο-

352 1487 554 1555 θέσεσι,
587 1493 705 1552 ταῖς
741 1495 824 1555 είς
856 1491 1094 1561 βάσανον
1141 1494 1608 1565 ἐκκλησιαστικὴν
1653 1493 1931 1562 ἀφορῶσιν

352 1577 434 1637 είς
460 1577 558 1646 τὴν
591 1579 762 1649 αὐτῆς
802 1581 986 1651 κρίσιν
1025 1583 1349 1654 ἀνατρέχειν
1379 1583 1625 1636 δύναται.
1663 1584 1775 1638 Καὶ
1803 1582 1931 1634 ταύ-

349 1685 419 1738 τῃ
466 1671 635 1724 πᾶσαι
679 1673 735 1725 αἱ
783 1661 1071 1742 ἐκκλησίαι
1122 1675 1463 1737 ὑπόκεινται,
1508 1674 1603 1726 καὶ
1653 1675 1702 1725 οἱ
1749 1672 1929 1725 αὐτῶν

352 1760 644 1816 ἐπίσκοποι
707 1764 1023 1834 ὑποταγὴν,
1078 1767 1173 1818 καὶ
1233 1765 1368 1819 αἰδῶ
1418 1766 1557 1835 αὐτῇ
1628 1765 1923 1831 ὀφείλουσι.

353 1853 492 1925 Παρ*
582 1858 677 1909 καὶ
721 1856 815 1923 ἀφ’
847 1853 915 1928 ἧς
963 1856 1104 1910 οὕτω
1147 1858 1425 1929 πλήρωμα
1476 1857 1721 1923 ἐξουσίας
1758 1858 1926 1918 ἐστὶν,

354 1943 491 1997 ὥστε
521 1946 615 2008 τὰς
644 1945 835 2009 λοιπὰς
857 1947 1154 2015 ἐκκλησίας
1183 1950 1262 2010 είς
1296 1949 1531 2016 ἐρημίας
1570 1947 1735 2017 μέρος
1757 1963 1933 2017 παρα-

355 2038 643 2108 λαμϐάνει.
670 2032 770 2094 Ὧν
799 2041 1003 2104 πολλὰς
1035 2044 1403 2113 πατριαρχεία
1437 2039 1576 2095 εἶναι
1612 2042 1815 2111 ἐξόχως
1842 2043 1939 2095 δω-

361 2135 673 2200 ρεαστικοῖς
705 2135 1136 2206 δικαιώμασινὴ
1175 2135 1313 2205 αὐτὴ
1358 2134 1660 2201 Ἐκκλησία
1704 2135 1940 2205 Ῥωμαῖ-

2031 391 2345 446 universam
2409 384 2739 441 catholicam
2793 382 3093 438 Ecclesiam
3152 380 3392 443 obtinet;
3444 392 3607 448 quem

2027 481 2239 537 scilicet
2257 480 2324 533 ab
2348 479 2466 547 ipso
2491 477 2723 532 Domino
2766 474 2822 527 in
2851 474 3010 528 beato
3031 473 3213 533 Petro,
3234 470 3607 538 apostolorum

2029 575 2279 645 principe
2309 588 2404 627 seu
2452 571 2683 644 vertice,
2720 568 2878 637 cujus
2911 567 3192 620 Romanus
3236 563 3481 633 pontifex
3527 571 3612 616 est

2027 681 2340 727 successor,
2372 679 2497 718 cum
2532 663 2691 731 plena
2720 668 2991 724 potestate
3019 656 3314 724 recepisse,
3340 653 3614 710 veraciter

2027 769 2080 817 et
2130 759 2413 814 humiliter
2443 754 2793 825 recognoscit
2821 770 2833 805 :
2862 762 2918 806 et
2956 751 3101 804 sicut
3139 764 3248 819 prre
3278 747 3492 801 caeteris
3533 755 3612 799 te-

2028 859 2194 905 netur
2245 848 2368 903 fidei
2410 846 2699 901 veritatem
2742 843 3060 907 defendere,
3092 841 3173 895 sic
3206 848 3279 902 et,
3311 838 3355 891 si
3388 851 3510 905 quzc
3542 834 3610 889 de

2032 944 2138 998 fide
2172 941 2416 996 subortu:
2440 938 2652 993 fuerint
2693 936 3049 1006 quaestiones,
3083 948 3184 987 suo
3218 931 3425 985 debent
3453 928 3606 999 judi-

2031 1038 2118 1091 cio
2156 1033 2376 1088 deﬁniri
2412 1048 2425 1084 :
2463 1029 2528 1084 ad
2566 1044 2729 1098 quam
2761 1035 2946 1095 potest.
2970 1035 3232 1095 gravatus
3272 1022 3508 1092 quilibet
3557 1020 3611 1073 in

2030 1123 2266 1194 negotiis
2292 1122 2356 1175 ad
2392 1120 2572 1173 forum
2597 1117 3041 1173 ecclesiasticum
3079 1114 3494 1184 pertinentibus
3524 1128 3617 1179 ap-

2032 1214 2264 1285 pellare.
2300 1212 2407 1267 Sed
2438 1221 2495 1266 et
2527 1211 2580 1264 in
2623 1210 2881 1264 omnibus
2912 1208 3113 1269 causis,
3163 1206 3228 1259 ad
3263 1220 3494 1260 examen
3526 1219 3614 1257 ec-

2033 1300 2407 1363 clesiasticum
2447 1301 2849 1373 spectantibus,
2879 1302 2943 1354 ad
2976 1302 3150 1368 ipsius
3181 1298 3393 1353 recurri
3432 1305 3609 1366 potest

2027 1400 2325 1472 judicium,
2345 1406 2400 1453 et
2425 1396 2607 1451 eidem
2641 1408 2832 1449 omnes
2858 1393 3119 1447 Ecclesiae
3150 1400 3281 1446 sunt
3303 1391 3565 1460 subjectm
3600 1408 3613 1442 :

2035 1493 2390 1561 ipsarumque
2440 1487 2688 1558 episcOpi
2708 1486 3084 1541 obedientiam
3141 1494 3195 1539 et
3244 1483 3613 1538 reverentiam

2035 1584 2138 1639 sibi
2187 1582 2436 1637 debent:
2484 1581 2628 1649 apud
2665 1595 2828 1650 quam
2882 1580 2961 1633 sic
3000 1579 3292 1648 potestatis
3330 1576 3617 1646 plenitudo

2036 1675 2313 1735 consistit,
2348 1673 2496 1742 quod
2531 1673 2806 1727 Ecclesias
2836 1681 3066 1726 cmteras
3105 1670 3171 1723 ad
3225 1667 3620 1724 sollicitudinis

2038 1776 2247 1843 partem
2301 1766 2585 1832 admittit;
2635 1780 2869 1843 quarum
2921 1765 3162 1827 multas,
3218 1761 3621 1833 patriarchales

2036 1840 2333 1929 praecipue,
2364 1858 2598 1913 diversis
2618 1840 2921 1928 privilegiis
2943 1858 3134 1911 eadem
3166 1856 3414 1910 Romana
3434 1854 3622 1908 Eccle—

2044 1951 2122 2005 sia
2160 1951 2472 2009 houoravit.
2507 1965 2606 2005 sua
2665 1961 2847 2004 tamen
2894 1947 3227 2018 pratcellenti
3268 1945 3536 2015 dignitate
3569 1954 3624 1999 ct

2042 2043 2460 2114 superioritate,
2496 2051 2604 2096 tam
2641 2043 2697 2097 in
2751 2041 3112 2113 generalibus
3153 2038 3411 2093 conciliis
3458 2052 3623 2107 quam

2047 2136 2102 2189 in
2136 2133 2563 2205 quibuseunque
2603 2133 2746 2196 aliis,
2784 2145 3007 2201 semper
3037 2129 3210 2184 salva.

356 2225 427 2295 κὴ
460 2227 710 2299 ἐτίμησε,
738 2229 839 2299 τῆς
867 2232 1066 2302 ἑαυτῆς
1096 2232 1282 2297 μέντοι
1318 2231 1698 2300 ὑπερεχούσης
1749 2229 1929 2296 ἀξίας,
1967 2230 2063 2285 καὶ
2121 2227 2214 2283 τοῦ
2277 2228 2822 2299 ὑπεραναὸεϐηκότος
2844 2268 2858 2294 ,
2916 2225 2975 2280 ἐν
3009 2242 3070 2279 τε
3126 2225 3250 2290 ταῖς
3308 2226 3626 2286 καθολικαῖς

357 2319 615 2383 συνόδοις,
646 2324 739 2376 καὶ
766 2324 824 2374 ὲν
861 2323 1063 2385 ὁποίοις
1094 2323 1296 2392 δήποτε
1328 2323 1510 2385 ἄλλοις
1541 2324 1626 2378 ἀεὶ
1660 2322 2106 2394 φυλασσομένων.

437 2481 455 2513 ι
481 2463 645 2515 Ὅθεν
698 2464 797 2532 τὴν
847 2464 1351 2534 ἀναγεγραμμένην
1389 2463 1489 2533 τῆς
1523 2465 1757 2526 πίστεως
1804 2463 1935 2531 ἀλή-

361 2554 547 2620 θειανι,
598 2554 673 2617 ὡς
712 2552 1065 2623 πληρούντως
1106 2553 1380 2623 ἔχουσαν,
1446 2556 1541 2608 καὶ
1590 2554 1796 2617 πιστῶς
1849 2558 1938 2607 ὲκ-

360 2647 632 2712 τεθεῖσαν,
678 2645 879 2713 ἀληθῆ,
913 2646 1095 2713 ἁγίαν,
1130 2647 1225 2700 καὶ
1252 2646 1536 2714 όρθόδοξον
1570 2647 1753 2699 πίστιν
1799 2641 1937 2698 εἶναι

359 2738 727 2806 ὲπιγινώσκω.
782 2739 1002 2808 Ταύτην
1048 2738 1406 2808 ἀποδέχομαι,
1460 2741 1552 2792 καὶ
1608 2740 1804 2807 καρδίᾳ
1844 2737 1938 2790 καὶ

360 2832 589 2902 στόματι
645 2830 932 2901 ὁμολογῶ,
1003 2830 1099 2883 καὶ
1153 2829 1238 2897 ἐφ’
1306 2831 1431 2884 ὅσον
1492 2831 1663 2899 αὐτὴν
1724 2828 1939 2897 ἀληθῶς

2130 2485 2148 2518 ι
2165 2466 2320 2522 Unde
2345 2468 2772 2537 suprascriptam
2801 2467 2923 2521 fidei
2946 2468 3254 2530 veritatem,
3279 2474 3446 2536 prout
3468 2467 3626 2534 plene

2046 2556 2184 2611 lecta
2235 2565 2319 2610 est
2371 2565 2427 2611 et
2480 2555 2713 2611 ﬁdeliter
2763 2561 3035 2625 exposita,
3086 2572 3296 2621 veram,
3353 2564 3626 2617 sanctam,

2047 2657 2104 2701 et
2146 2647 2506 2702 orthodoxam
2545 2647 2705 2701 fidem
2747 2662 2869 2701 esse
2916 2663 3275 2715 recognosco,
3314 2664 3436 2702 eam
3473 2663 3630 2702 acce~

2048 2747 2163 2807 pto,
2186 2747 2239 2792 et
2267 2739 2436 2792 corde
2457 2753 2519 2791 ac
2543 2753 2638 2790 ore
2667 2738 2953 2806 proﬁteor,
2997 2741 3282 2807 ipsamque
3312 2748 3479 2809 prout
3510 2755 3629 2794 eam

2049 2830 2325 2884 veraciter
2357 2841 2509 2885 tenet
2537 2839 2591 2884 et
2622 2829 2860 2883 fideliter
2889 2830 3049 2885 docet
3077 2841 3132 2884 et
3165 2832 3425 2900 pmdicat
3448 2847 3633 2886 sacro-

362 2923 555 2992 κρατεῖ
585 2923 681 2975 καὶ
715 2921 919 2983 πιστῶς
952 2921 1217 2985 διδάσκει,
1267 2925 1361 2974 καὶ
1411 2921 1674 2991 κηρύττει
1724 2922 1755 2989 ἡ
1802 2922 1939 2990 ἱερο-

2051 2931 2238 2975 sancta
2271 2922 2515 2976 Romana
2545 2922 2808 2987 Ecclesia,
2850 2938 2937 2976 me
2969 2922 3364 2977 inviolabiliter
3385 2932 3632 2977 servatu-

364 3016 496 3084 αγία
534 3015 822 3084 Ῥωμαῖκὴ
866 3013 1170 3083 Ἐκκλησία
1220 3012 1459 3082 ἐμαυτὸν
1492 3013 1810 3083 ἀμολύντως
1838 3028 1944 3079 φυ-

361 3108 569 3174 λάξειν,
602 3108 696 3161 καὶ
736 3108 798 3159 ὲν
838 3106 974 3176 αὐτῇ
1015 3107 1194 3161 πάντα
1227 3109 1422 3174 χρόνον
1453 3106 1807 3169 διατελέσειν,
1848 3105 1946 3157 καὶ

368 3200 465 3255 ἀπ’
494 3198 668 3268 αὐτῆς
695 3200 752 3251 ὲν
777 3197 957 3252 οὐδενὶ
986 3196 1164 3268 καιρῷ
1185 3198 1585 3267 ἀναχωρήσειν,
1616 3199 1649 3267 ἦ
1682 3214 1788 3250 τινι
1825 3196 1946 3262 τρό-

364 3306 452 3361 πῳ
495 3289 856 3361 παρεγκλῖναι
890 3288 1274 3358 ὐπισχνέομαι.
1333 3290 1441 3342 Καὶ
1486 3289 1790 3359 ὲξόμνυμαι
1838 3292 1946 3343 πᾶν

366 3384 591 3456 σχίσμα,
629 3381 720 3435 καὶ
751 3382 813 3434 τὸ
856 3383 1128 3451 πρωτεῖον
1162 3382 1334 3450 αὐτῆς
1365 3384 1462 3452 τῆς
1502 3383 1780 3449 ἱεροαγίας
1814 3382 1947 3434 Ῥω-

368 3474 568 3544 μαῖκῆς
610 3472 961 3542 Ἐκκλησίας,
993 3470 1068 3534 ὡς
1130 3473 1187 3523 ὲν
1244 3473 1309 3541 τῇ
1368 3470 1778 3541 προδηλωθείσῃ
1838 3471 1946 3540 ὑφῇ

367 3566 708 3636 περιέχεται,
737 3565 816 3626 είς
841 3562 940 3632 τὴν
974 3561 1253 3632 ὑποταγὴν
1276 3563 1376 3631 τῆς
1408 3562 1581 3632 αὐτῆς
1604 3562 1947 3635 «Ἐκκλησίας

365 3658 661 3728 ἐρχόμενος
687 3656 952 3719 ἑκουσίως
981 3656 1257 3727 ὁμολογῶ,
1290 3655 1788 3722 καὶίὲπιγινὼσκω,
1818 3657 1949 3708 ἀπο-

365 3748 615 3820 δέχομαι,
642 3748 737 3802 καὶ
779 3748 1045 3812 ἑκουσίως
1072 3748 1434 3819 ὑποδέχομαι,
1467 3749 1563 3801 καὶ
1597 3748 1663 3801 τὰ
1690 3748 1949 3801 ἀνατετα-

368 3841 548 3910 γμένα
581 3839 782 3907 πάντα,
812 3840 914 3894 ὅσα
960 3840 1088 3910 περὶ
1116 3839 1216 3910 τὴν
1249 3839 1350 3912 τῆς
1381 3842 1620 3902 πίστεως
1663 3840 1947 3909 ἀλήθειαν,

369 3935 465 3986 καὶ
484 3934 583 3987 ὅσα
612 3933 740 4002 περὶ
765 3931 827 3985 τὸ
858 3934 1127 4001 πρωτεῖον
1157 3933 1254 4001 τῆς
1288 3932 1592 4003 εἰρημένης
1632 3930 1950 4002 Ῥωμαῖκῆς

382 4024 730 4093 Ἐκκλησίας.
759 4022 978 4077 Τούτων
1009 4023 1110 4093 τὴν
1154 4024 1470 4094 ἐπίγνωσιν,
1523 4026 1623 4095 τὴν
1656 4026 1947 4094 ἀποδοχὴν,

369 4116 469 4186 τὴν
486 4109 781 4184 ὗποδοχὴν,
799 4113 899 4184 τὴν
930 4115 1285 4185 συντήρησιν,
1315 4116 1415 4187 τὴν
1434 4117 1699 4187 διαμονὴν
1715 4119 1952 4187 ἐμαυτὸν

368 4206 757 4283 διατηρήσειν,
822 4205 918 4258 καὶ
969 4203 1228 4274 φυλάξειν
1267 4207 1513 4269 δοθέντος
1556 4205 1950 4277 πραγματικοῦ

2049 3021 2268 3073 rum,et
2286 3013 2339 3066 in
2364 3028 2428 3068 ea
2452 3013 2600 3068 omni
2628 3023 2872 3080 tempore
2899 3022 3401 3081 perseveraturum,
3436 3029 3538 3069 nec
3565 3016 3635 3069 ab

2048 3122 2109 3161 ea
2128 3107 2239 3162 ullo
2255 3115 2503 3178 tempore
2528 3122 2899 3171 recessurum,
2913 3121 3008 3161 seu
3025 3122 3250 3177 quoquo
3271 3111 3433 3163 modo
3452 3109 3638 3162 devia-

2052 3207 2235 3251 turum
2266 3199 2550 3268 promitto,
2570 3198 2976 3253 etabreuuntio
3002 3198 3151 3252 omni
3177 3199 3482 3254 schismali.
3516 3198 3635 3252 Prio

2051 3299 2489 3358 matumquoque
2510 3289 2681 3358 ipsius
2692 3299 3055 3345 sacrosancta:
3074 3290 3335 3345 Romana:
3352 3290 3635 3354 Ecclesiae,

2053 3388 2218 3446 prout
2251 3380 2306 3431 in
2347 3378 2632 3447 praemissa
2673 3377 2818 3433 serie
2844 3377 3187 3443 continetur,
3221 3377 3285 3431 ad
3321 3379 3497 3447 ipsius
3539 3375 3631 3431 Ec.

2051 3471 2234 3525 clesia:
2285 3470 2663 3525 obedientiam
2695 3480 3039 3542 spontaneus
3065 3472 3320 3537 veniens,
3369 3458 3546 3526 fateor
3581 3481 3639 3524 et.

2054 3578 2414 3634 recognosco,
2443 3578 2668 3632 accepto
2698 3581 2763 3619 ac
2794 3575 2988 3634 sponte
3019 3562 3262 3635 suscipio
3287 3584 3301 3618 :
3330 3573 3387 3621 et
3420 3580 3505 3619 me
3525 3580 3641 3619 om-

2055 3657 2142 3711 nia
2176 3655 2482 3725 praemissa,
2520 3665 2628 3712 tam
2655 3657 2803 3712 circa
2839 3648 2965 3712 ﬁdei
3002 3658 3314 3718 veritatem,
3346 3672 3509 3727 quam
3532 3658 3642 3712 cir-

2055 3764 2115 3802 ca
2145 3749 2307 3804 dictat
2340 3748 2601 3804 Ecclesiae
2645 3749 2967 3825 primatum,
3006 3761 3061 3804 et
3108 3749 3355 3818 ipsorum
3396 3751 3644 3819 recogni-

2056 3841 2281 3905 tionem,
2301 3840 2758 3909 acceptationem,
2779 3826 3211 3908 susceptionem,
3235 3841 3639 3893 observantiam

2054 3942 2111 3987 et
2144 3931 2634 4002 perseverantiam,
2668 3939 3050 3996 servaturum,
3080 3932 3333 4001 prgestitn
3364 3932 3641 4000 corporali

2052 4024 2372 4093 iuramento
2402 4024 2668 4092 promitto
2705 4033 2760 4077 et
2798 4023 3087 4077 conﬁrmo.
3116 4022 3208 4076 Sic
3236 4038 3320 4075 me
3352 4021 3499 4075 Deus
3544 4023 3643 4075 ad-

2052 4117 2227 4186 juvet,
2260 4124 2317 4168 et
2341 4114 2459 4168 hinc
2490 4108 2680 4169 sancta
2716 4114 2810 4168 Dei
2848 4113 3336 4184 EvangeliaQuml
3370 4114 3416 4169 si
3450 4123 3643 4166 contra

2060 4207 2175 4260 haec
2204 4204 2415 4273 aliquid
2449 4204 2678 4267 sentire,
2703 4203 2979 4269 confiteri,
3015 4214 3110 4258 aut
3132 4203 3280 4257 aliud
3318 4220 3478 4274 agere
3502 4220 3642 4273 prae-

369 4277 556 4370 ὖρκου,
590 4277 902 4368 ὑπόσχομαι
939 4296 1033 4349 καὶ
1075 4296 1400 4352 ἐπιϐεϐαιῶ.
1433 4297 1590 4351 Οὕτω
1625 4315 1714 4367 μοι
1749 4297 1940 4368 βοηθή-

2058 4284 2368 4368 sumpsero,
2420 4313 2509 4351 me
2559 4297 2972 4353 schismaticum
3009 4306 3063 4349 et
3120 4297 3642 4350 anathematizatmn

371 4408 516 4445 σειεν
537 4389 722 4453 δ’Θεδς
748 4391 843 4443 καὶ
868 4389 1044 4449 ταῦτα
1072 4389 1141 4442 τὰ
1161 4387 1293 4456 ἅγια
1320 4389 1413 4443 τοῦ
1451 4389 1587 4443 Θεοῦ
1618 4390 1951 4458 Εὐαγγέλια.

373 4485 495 4538 Ὀτι
525 4485 619 4538 ἐὰν
649 4483 793 4536 κατά
819 4481 1027 4535 τούτων
1064 4498 1118 4534 τι
1151 4480 1444 4552 φρονῆσαι,
1472 4482 1504 4551 ἢ
1536 4483 1893 4553 ὁμολογῆσαι,
1918 4484 1951 4553 ἢ

2061 4406 2127 4444 eo
2160 4391 2276 4459 ipso
2330 4404 2687 4460 recognosco,
2722 4400 2778 4444 et
2819 4389 3103 4446 severitati
3157 4404 3446 4443 sacrorum
3477 4404 3651 4443 cann-

2065 4500 2196 4538 num
2230 4484 2544 4552 subjacere.
2587 4502 2606 4534 ι

370 4581 545 4645 ἄλλως
564 4580 789 4648 ποιῆσαι
812 4579 1096 4648 τολμήσω,
1117 4580 1331 4648 ποιήσω
1358 4578 1595 4649 ἐμαυτὸν
1612 4582 1994 4653 σχισματικδν,
2015 4583 2110 4634 καὶ
2132 4581 2281 4653 αὐτῷ
2304 4580 2483 4650 τοῦτῳ
2512 4580 3083 4649 ἀνατεθεματισμένον
3110 4576 3251 4635 εῖναι
3274 4580 3639 4650 ἐπι-γινώσκω,

372 4675 466 4727 καὶ
493 4675 559 4745 τῇ
592 4669 872 4742 ἀποτομία
899 4670 995 4723 καλ⁸
1027 4673 1094 4741 τῇ
1130 4670 1501 4741 αὐστηρότητι
1539 4673 1646 4728 τῶν
1681 4673 1853 4741 ἁγίων
1889 4674 2130 4727 κανόνων
2164 4670 2514 4727 ὑποκεῖσθαι.
2552 4691 2572 4723 ι

446 4812 541 4877 Εἰς
591 4809 893 4879 ἀσφάλειαν
936 4810 1047 4863 τῶν
1087 4811 1527 4881 προειρημένων,
1566 4814 1660 4867 καὶ
1706 4812 1954 4882 φυλακὴν

378 4907 626 4979 μείζονα,
659 4903 721 4957 τὸ
746 4901 923 4972 παρὸν
953 4902 1328 4971 όρκωμοτικὸν
1361 4905 1626 4969 μυστικὶν
1658 4903 1957 4974 ὲξεθὲμεθα

378 5016 411 5054 σ
424 4997 705 5070 ›μ66λαιον
724 4996 818 5049 καὶ
836 4993 1036 5064 βούλλᾳ
1052 4996 1225 5065 χρυσῇ
1253 4995 1740 5064 κατωχυρωμένον.
1763 4998 1855 5063 Ἐγ
1865 5001 1957 5067 ρά-

377 5110 452 5164 φη
486 5093 546 5146 ὲν
575 5092 640 5160 τῇ
673 5088 1083 5159 παλαιᾷῬὼμῃ
1133 5088 1243 5142 ἔτει
1284 5088 1407 5141 -ἀπὸ
1462 5089 1561 5159 τῆς
1608 5088 1701 5142 τοῦ
1753 5090 1955 5159 Κυρίου

379 5181 710 5254 σαρκώσεως
738 5179 991 5249 χιλιοστῷ
1019 5180 1418 5251 τριακοσιοστῷ
1450 5180 1730 5253 ἑξηκοστῷ
1764 5184 1954 5252 ἐνάτῳ,

380 5273 711 5339 ίνδικτιῶνος
745 5273 1002 5343 ἑϐδόμης,
1032 5272 1222 5342 ἡμέρᾳ
1251 5272 1450 5344 δεκάτῃ
1483 5274 1578 5327 τοῦ
1622 5258 1955 5345 Ὀκτωὸρίου

380 5370 571 5437 μηνὸς,
619 5366 888 5437 παρόντος
933 5365 1029 5418 τοῦ
1065 5365 1345 5434 αίδεσίμου
1377 5366 1592 5437 Πατρός
1636 5367 1731 5420 τοῦ
1764 5368 1955 5438 κυρίου

381 5458 593 5513 Παύλου
644 5457 990 5526 πατριάρχου
1020 5456 1678 5520 Κωνσταντινουπόλεως,
1727 5456 1821 5510 τοῦ
1855 5474 1956 5510 κυ-

381 5536 499 5615 piata
529 5548 800 5603 Νικολάου
849 5548 1151 5601 ἐπισκόπου
1192 5548 1672 5615 ’Δρενοπολιτάνου
1691 5590 1705 5614 ,
1740 5549 1834 5603 καὶ
1863 5549 1956 5602 τοῦ

377 5638 638 5705 εὐλαϐοῦς
683 5640 878 5709 ἀνδρὸς
928 5639 1023 5695 τοῦ
1076 5639 1312 5710 μοναχοῦ
1375 5640 1664 5696 Ἀντωνίου
1727 5643 1792 5695 ὲκ
1849 5641 1958 5696 τῶν

2135 4811 2216 4866 Ad
2254 4811 2648 4867 certitudinem
2682 4811 3097 4879 praedictorum,
3133 4821 3190 4869 et
3218 4815 3488 4871 cautelam
3530 4831 3646 4870 ma-

2057 4906 2256 4974 jorem,
2289 4904 2929 4974 praesensjuramentum
2961 4906 3253 4975 mysticum
3302 4907 3554 4976 exposui,
3590 4920 3648 4962 et

2064 4999 2492 5051 instrumentutn
2521 4996 2648 5061 feci,
2682 4996 2834 5050 Bulla
2861 5011 3027 5052 aurea
3057 4999 3357 5065 munitum,
3379 5001 3645 5069 scriptum

2066 5090 2119 5142 in
2157 5088 2383 5159 antiqua
2421 5088 2618 5154 Roma,
2678 5104 2828 5143 anno
2878 5090 2947 5146 ab
2996 5089 3384 5146 lncarnatiOne
3431 5092 3645 5147 Domini

2068 5181 2227 5245 1569,
2291 5182 2487 5237 ludict.
2547 5197 2618 5247 vt,
2671 5182 2761 5238 die
2815 5181 2883 5237 l8
2933 5185 3138 5238 mensis
3188 5185 3461 5250 Octobris,
3512 5200 3648 5254 pm:-

2065 5272 2319 5327 sentibus
2391 5275 2698 5328 reverendo
2783 5273 2944 5328 Patre
3011 5274 3238 5329 domino
3308 5273 3477 5329 Paulo
3555 5291 3647 5343 pa-

2064 5361 2301 5417 triarcha
2334 5361 2971 5433 Constantinopolitano,
3003 5365 3230 5420 domino
3262 5366 3487 5421 Nicolao
3513 5366 3648 5422 Are-

2062 5454 2382 5522 nopolitano
2419 5455 2702 5525 episcopo,
2738 5454 3000 5528 religioso
3035 5457 3155 5512 viro
3207 5457 3375 5512 fratre
3403 5460 3646 5515 Antonio

2062 5544 2130 5599 de
2168 5544 2424 5608 Athenis,
2473 5546 2873 5616 interpretibus
2920 5547 2986 5602 ad
3034 5551 3315 5616 praemissa
3357 5549 3643 5618 expositis,

2062 5636 2255 5695 electis
2330 5637 2541 5694 nostris
2604 5639 3084 5696 reverendissimis
3151 5642 3522 5697 cardiualibus
3577 5642 3646 5695 ενι
