4110 6320
739 330 742 334 ’
805 314 889 414 79
1213 359 1216 362 λ
1924 298 1925 301 ί
1991 339 2369 400 ιυιιΝΝιδ(

2472 339 2877 401 I'I‘.\CU7.EN[
3957 336 4019 399 i0

807 466 876 520 ob
903 461 1188 520 dimissum
1233 456 1479 520 militem,
1523 469 1684 524 quem
1737 470 1952 507 I'UI'slllIl
2015 469 2210 522 cogere
2259 461 2366 504 tam

2472 469 2633 504 τινων
2666 453 2981 522 φροντίδων.
3010 450 3220 515 Μεταξὺ
3243 453 3300 504 δὲ
3334 450 3594 514 ὁδεύοντι,
3631 450 3922 520 ἠγγέλλετο
3951 455 4018 514 ὡς

811 557 958 612 hrevi
1005 564 1250 622 tempore
1293 564 1406 603 non
1456 556 1691 618 poterat,
1727 546 2130 626 metuebatque,
2167 559 2234 598 ne
2283 545 2364 597 in-

810 651 954 702 terea‘
1001 646 1130 700 dum
1182 651 1434 714 cogeret,
1477 641 1655 694 Persae
1703 654 1826 692 cum
1876 638 2053 706 prazda
2091 637 2145 689 in
2185 632 2367 708 Asiam

808 737 1227 806 renavigarent,
1285 743 1338 785 et
1393 733 1507 801 ipse
1560 731 1836 784 incassum
1895 728 2126 782 veniret.
2178 728 2365 794 Itaque

808 839 1050 890 coaetus,
1086 835 1408 896 praesentem
1447 822 1658 892 copiam
1712 822 1766 874 in
1820 820 1940 874 illos
1973 821 2139 882 ducit,
2174 829 2227 873 et
2267 835 2363 889 po-

806 906 999 975 stridie
1044 917 1186 986 apud
1236 925 1478 991 montem
1517 911 1728 982 Lippici
1780 913 2108 981 appellatum
2155 921 2404 994 castra-l

808 1010 1137 1066 metantibus
1186 1005 1607 1076 apprOpinqnat.
1646 1003 1810 1058 Forte
1845 1002 1900 1056 iu
1939 1003 2055 1056 loco
2105 1001 2366 1071 impedito

807 1101 985 1154 Pcrszc
1040 1099 1366 1161 tendebant,
1391 1104 1445 1149 et
1499 1095 1883 1163 imperatorem
1933 1092 2223 1165 conﬂigere
2272 1108 2368 1148 vo-

808 1194 1006 1245 lentem
1052 1190 1240 1244 adesse
1287 1188 1626 1242 nesciebant.
1678 1187 1975 1255 Imperator
2007 1196 2188 1240 autem
2233 1187 2370 1241 locis

807 1282 1135 1342 dilIicilibus,
1173 1279 1438 1347 fossisque
1495 1287 1549 1331 et
1583 1277 1825 1330 vallibus
1849 1276 2196 1345 intetruptis,
2228 1291 2364 1346 quos

805 1374 1039 1441 ducebat
1077 1372 1478 1439 cataphractos,
1506 1360 1807 1437 sagittariis
1852 1368 2066 1422 levibus
2123 1378 2178 1422 et
2210 1383 2366 1438 expe-

804 1465 934 1520 ditis
985 1462 1338 1534 opponendos
1386 1476 1503 1527 non
1543 1461 1789 1529 putabat.
1825 1457 1960 1512 Nam
2005 1468 2361 1530 pratcrquam

803 1557 951 1628 quod
1004 1555 1187 1625 plures
1235 1562 1414 1613 erant,
1457 1551 1622 1606 etiam
1676 1538 2046 1605 difﬁcultatem
2105 1553 2207 1606 lori
2256 1570 2364 1607 non

802 1664 992 1719 parum
1027 1649 1093 1702 iis
1116 1647 1179 1701 ad
1206 1646 1489 1700 victoriam
1523 1644 1787 1717 momenti
1817 1644 2125 1700 allaturam.
2158 1645 2366 1702 Idcirco

806 1739 1176 1810 prosp'eiehat
1227 1737 1364 1800 suis,
1406 1746 1464 1791 ut
1514 1735 1567 1789 in
1616 1735 1751 1792 locis
1800 1736 2172 1805 opacissimis,
2199 1747 2254 1793 et
2294 1738 2364 1793 ad

2470 543 2609 596 κατά
2661 546 2752 596 τὸν
2824 541 3214 611 Ἑλλήσποντον
3274 543 3501 612 στρατιά
3549 543 3772 612 Περσῶν
3833 546 4017 612 ἱππικὴ

2470 633 2837 701 περαιωθεῖσα
2893 633 3058 700 ὀλίγῳ
3105 631 3360 697 ἐλάσσους
3399 632 3675 702 δισχιλίων
3704 633 4017 698 ἐπιλέκτων,

2469 723 2735 792 ἐτράπετο
2778 724 2868 775 ἐπὶ
2915 722 3206 792 λεηλασίαν
3242 722 3382 775 κατά
3424 721 3524 786 τάς
3568 723 3666 793 τῆς
3689 722 3906 794 Θρᾴκης
3936 727 4022 776 πό-

2468 814 2602 877 λεις.
2635 815 3019 885 Ἠχθετο,μὲν
3065 813 3158 868 οὖν
3217 814 3379 878 εὐθὺς
3421 817 3449 868 ὁ
3501 815 3755 883 βασιλεὺς
3792 817 3882 867 ἐπὶ
3928 815 4021 881 τῆς

2468 897 2736 976 στρατιᾶς
2778 910 2843 976 τῇ
2893 906 3164 974 διαλύσει·
3213 885 3664 977 μεταπέμπεσθαι
3717 906 3824 976 γὰρ
3875 902 4022 969 αὖθις

2467 1001 2565 1054 οὐκ
2599 1001 2743 1069 ὲνῆν,
2775 1001 2874 1053 οὐκ
2897 1000 3254 1067 ἐξαρκοῦντος
3274 999 3368 1052 τοῦ
3397 1000 3610 1070 χρόνου.
3661 1000 3881 1054 Ἐδεδίει
3913 1003 4020 1070 γάρ

2471 1092 2545 1162 μὴ
2572 1094 2626 1143 ἐν
2649 1084 2693 1158 ᾧ
2733 1092 2830 1160 τὴν
2864 1092 3122 1161 στρατιὰν
3165 1090 3435 1159 συλλέγων
3468 1089 3770 1160 διατρίϐοι,
3803 1091 3852 1143 οἰ
3889 1091 4022 1159 Πέρ-

2469 1178 2559 1237 σαι
2594 1184 2690 1252 μὲν
2726 1186 2825 1252 τὴν
2869 1183 3018 1235 λέίαν
3048 1168 3274 1250 ἄγοντες
3318 1177 3476 1244 αὖθις
3527 1181 3906 1252 περαιωθῶσιν
3949 1185 4025 1241 εἰς

2481 1273 2686 1342 Ἀσίαν,
2747 1275 3024 1345 ὑστερήσῃ
3069 1273 3126 1326 δὲ
3180 1273 3370 1328 ἐλθών.
3423 1274 3587 1327 Ὅθεν
3637 1275 3719 1335 είς
3785 1274 4027 1341 ἀνάγκην

2470 1366 2900 1440 συνωθούμελθος,
2932 1366 3126 1437 ἐχώρει
3173 1366 3293 1435 μεθ’
3328 1358 3402 1419 ὧν
3445 1360 3593 1435 εἶχεν
3638 1366 3724 1418 ἐπ’
3769 1365 4026 1426 ἐκείνους.

2468 1459 2564 1512 καὶ
2617 1460 2698 1522 είς
2751 1458 2848 1530 τὴν
2884 1459 3162 1523 ἐπιοῦσαν,
3208 1447 3375 1528 ὲγγῦς
3403 1451 3640 1526 ’ἐγένετο
3688 1456 3933 1525 Περσῶν,
3975 1457 4030 1509 ὀἳ

2471 1550 3022 1620 ἐστρατοπεδευμένοι
3067 1547 3209 1621 ἦσαν
3248 1551 3391 1603 κατά
3420 1550 3481 1603 τὺ
3516 1549 3611 1604 τοῦ
3644 1550 3872 1610 Λίπικος
3907 1548 4029 1617 ὅρος

2469 1642 3036 1714 προσαγορευόμενον.
3094 1641 3301 1710 Συνέϐη
3360 1643 3418 1697 δὲ
3469 1642 3527 1695 ἐν
3586 1659 3646 1695 τε
3701 1641 4030 1710 δυσχωρίαις

2467 1733 2592 1797 τοὺς
2631 1733 2846 1803 Πέρσας
2893 1733 3442 1802 ἑστρατοπεδεῦσθαι,
3489 1733 3583 1789 καὶ
3624 1732 3792 1803 μηδὲν
3833 1732 4030 1784 εἰδέναι

803 1832 1190 1886 occultandnm
1237 1844 1360 1883 sese
1391 1829 1621 1884 idoneis
1665 1829 2046 1894 densarentur,
2079 1843 2203 1883 cum
2237 1844 2365 1883 cau-

2472 1827 2600 1893 περὶ
2638 1824 2925 1894 βασιλέως,
2955 1826 3031 1889 ὡς
3059 1825 3226 1892 ἐγγὺς
3267 1825 3353 1894 εἴη
3403 1825 3816 1895 συμπλέκεσθαι
3847 1823 4032 1894 βουλέ-

803 1910 954 1981 tione
1009 1925 1202 1988 multa,
1248 1939 1315 1977 ne
1372 1938 1402 1976 a
1450 1922 1706 1978 Barbaris
1759 1922 2235 1991 conspicerentur.
2289 1923 2366 1979 Ita

804 2019 1073 2087 reliquum
1115 2017 1254 2070 diem
1303 2015 1723 2082 consumebant,
1757 2015 2006 2070 fallentes
2052 2015 2171 2070 illos
2211 2016 2304 2085 qui
2337 2031 2367 2071 e

807 2109 1028 2179 regione
1062 2118 1237 2163 castra
1270 2108 1566 2161 habebant.
1601 2105 1726 2177 Sole
1751 2107 1862 2174 jam
1895 2105 2200 2171 occidente,
2233 2107 2364 2161 Bar-

804 2201 919 2258 bari
954 2201 1147 2254 castris
1182 2200 1480 2268 praedatum
1517 2211 1625 2268 quo
1658 2198 1861 2252 libebat
1893 2199 2279 2268 procedebant,
2314 2207 2368 2253 et

805 2277 1101 2360 imperator
1139 2305 1234 2344 eos
1273 2289 1420 2342 lento
1455 2288 1625 2359 gradu
1672 2296 1784 2343 tota
1834 2298 1996 2360 nocte
2034 2290 2367 2346 omnimodis

804 2383 976 2437 latere
1021 2382 1249 2436 studens
1301 2381 1652 2449 sequebatur.
1688 2379 1851 2450 739
1885 2380 2112 2436 Postero
2163 2383 2250 2438 die
2299 2385 2366 2439 ad

805 2472 1079 2526 Mesenam
1132 2464 1667 2539 Oppidum-agmina
1721 2470 1881 2523 ambo
1934 2470 2193 2535 veniunt,
2244 2489 2369 2528 con-

807 2563 1065 2631 fliCtuqnc
1116 2561 1272 2620 inito,
1312 2558 1538 2612 Romani
1590 2560 1839 2628 plurimis
1875 2561 2232 2617 Barbarorum
2276 2580 2368 2619 oe-

807 2655 955 2716 eisis,
993 2652 1178 2706 multis
1217 2651 1379 2705 etiam
1427 2649 1623 2718 captis,
1658 2651 1860 2705 virtute
1903 2653 2183 2707 victoriam
2219 2655 2366 2708 obti-

807 2753 1062 2798 nuerunt.
1105 2745 1160 2796 In
1202 2759 1378 2813 pugna
1428 2744 1568 2797 alter
1621 2742 1855 2808 durum,
1910 2743 2367 2802 Caramaehnmet

806 2834 1091 2897 vocabulo,
1129 2849 1172 2886 CI
1195 2834 1362 2895 cidit;
1403 2833 1560 2899 pauci
1609 2832 1698 2902 qui
1751 2833 1805 2885 in
1854 2849 2092 2902 przescns
2134 2848 2364 2891 mortem

804 2926 1134 2996 effugerunt,
1172 2940 1294 2978 cum
1347 2924 1720 2978 Maratumano
1753 2925 1923 2979 altero
1961 2925 2098 2978 duce
2132 2927 2367 2982 desertis

807 3007 964 3089 equis
1009 2999 1202 3072 collem
1254 3021 1542 3086 quemdam
1593 3025 1952 3084 occuparunt,
1994 3016 2367 3072 nnde.crebro

2471 1934 2654 1985 μενος.
2689 1918 2911 1971 Βασιλεῖ
2935 1919 2992 1972 δὲ
3017 1918 3116 1970 οὐκ
3157 1917 3332 1970 ἐδόκει
3352 1917 3461 1970 δεῖν
3490 1919 3548 1971 ἐν
3575 1917 3903 1987 δυσχωρίαις
3942 1916 4035 1968 καὶ

2469 2009 2716 2079 τάφροις,
2746 2010 2840 2060 καὶ
2876 2011 3116 2082 φάραγξι
3152 2010 3604 2078 διατετμημένοις
3638 2009 3856 2083 χωρίοις
3884 2006 4036 2071 1056-

2466 2118 2586 2164 ταις
2644 2103 2736 2154 καὶ
2796 2103 3078 2156 εύσταλέσι
3139 2104 3234 2158 καλ⁵
3289 2104 3551 2174 κούφοις,
3610 2101 4033 2172 καταφράκτους

2467 2195 2614 2260 ἄγων
2659 2193 3071 2262 συμπλέκεσθαι
3134 2195 3272 2266 πρὸς
3334 2197 3538 2265 μάχην.
3604 2194 3748 2264 Πρὸς
3802 2192 4036 2263 γὰρ.τῷ

2470 2282 2901 2346 πολλαπλασίους
2948 2279 3119 2351 εἶναι,
3160 2268 3252 2337 καὶ
3306 2285 3671 2356 ἠ-ςδυσχωρία
3722 2285 3825 2337 οὐκ
3879 2283 4039 2351 ὀλίγα

2472 2374 2834 2443 συμϐαλεῖται
2895 2377 3028 2444 πρὸς
3081 2375 3179 2446 τὴν
3235 2377 3525 2447 νίκην·δι’
3572 2377 3610 2432 ἃ.
3663 2376 3879 2430 ἐκέλευε
3942 2376 4039 2447 τὴν

2469 2467 2732 2536 στρατιὰν
2765 2468 3190 2536 καταζευγνύειν
3216 2471 3274 2524 ὲν
3300 2470 3488 2534 τόποις
3536 2470 3772 2540 μάλιστα
3800 2461 4035 2537 συνηρεὲ

2469 2559 2593 2628 φέσι
2633 2561 2726 2612 καὶ
2761 2560 3079 2629 δυναμένοις
3104 2560 3500 2632 ἀποκρύπτειν,
3535 2561 3736 2632 πολλὴν
3770 2563 4033 2629 πρόνοιαν

2469 2654 2824 2721 ποιουμένους
2856 2652 3252 2725 μὴκατάδηλοι
3280 2656 3532 2723 γενέσθαι
3567 2659 3676 2718 τοῖς
3707 2653 4030 2725 βαρϐάροις.

2471 2747 2576 2798 Καὶ
2604 2746 2867 2816 διήγαγον
2893 2747 3036 2800 οὕτω
3063 2749 3124 2800 τὸ
3156 2748 3338 2799 λεῖπον
3372 2747 3473 2817 τῆς
3501 2747 3715 2818 ἡμέρας
3745 2749 3858 2809 τοῖς
3904 2747 4040 2815 βαρο

2469 2836 2656 2904 ὀάροις
2683 2838 3394 2907 άντιστρατοπεδευομὲνοις
3419 2836 3812 2905 ἀγνοούμενοι.
3839 2837 4040 2889 Δύνον-

2469 2945 2558 2990 τος
2592 2930 2647 2980 δὲ
2675 2930 2826 2998 ἡλίου
2848 2931 2972 2999 ἤδη,
2997 2931 3130 2982 οἵτε
3165 2931 3435 2999 Βάρϐαροι
3463 2933 3526 2982 ἐκ
3550 2929 3644 2982 τοῦ
3672 2930 4044 2997 στρατοπέδου

2470 3021 2722 3088 ἄραντες,
2759 3023 3004 3088 ἐϐάδιζον
3033 3043 3066 3098 ῃ
3095 3024 3278 3086 αὐτοῖς
3305 3025 3479 3077 ἐδόκει
3508 3026 3598 3078 ἐπὶ
3623 3023 3697 3092 τῷ
3725 3023 4042 3090 ληῖσῖσθαι.

809 3111 860 3162 in
927 3109 1202 3179 Romanos
1249 3106 1588 3176 jaculzmtes,
1642 3104 1950 3174 multosque
2005 3116 2060 3159 et
2105 3122 2275 3174 equos
2316 3117 2366 3160 et

2473 3114 2580 3164 Καὶ
2618 3115 2645 3164 ὁ
2685 3113 2938 3180 βασιλεὺς
2965 3113 3062 3184 τὴν
3095 3116 3352 3183 στρατιάν
3384 3114 3543 3184 ἔχων,
3581 3116 3664 3186 ᾔει
3706 3115 3868 3184 σχολῇ
3905 3131 4044 3166 κάτ-

808 3202 1006 3255 milites
1041 3199 1385 3252 vulnerantes
1419 3212 1541 3253 sese
1574 3198 1883 3251 tuebantur.
1928 3198 2224 3268 lllpCl‘tliOl'
2256 3201 2369 3252 suis

807 3295 1045 3351 cdiccns.
1077 3293 1152 3346 uti
1184 3307 1359 3360 pugna
1393 3291 1752 3355 abstinerent,
1781 3292 2000 3360 prepior
2027 3293 2217 3357 factus,
2244 3293 2370 3346 Per-

808 3402 895 3439 sas
947 3400 1004 3439 se
1053 3384 1250 3437 dedere
1291 3381 1476 3450 jussit,
1515 3380 1656 3434 nihil
1701 3382 1922 3450 gravius
1972 3381 2367 3451 formidantes;

809 3487 926 3533 crat
957 3478 1102 3531 enim
1132 3475 1236 3530 illis
1266 3474 1410 3528 haud
1440 3473 1678 3544 ignotus.
1706 3474 1901 3544 quippe
1925 3476 2142 3542 quicum
2171 3477 2372 3543 saepits

808 3567 950 3620 bello
983 3565 1126 3620 civili
1164 3562 1547 3616 militaverant.
1582 3561 1684 3627 Qui
1721 3563 2082 3623 aﬂirmat‘uut.
2119 3567 2170 3617 in
2206 3566 2372 3630 ill‘JtiiS

811 3674 907 3726 pro
943 3673 999 3711 se
1035 3645 1354 3710 dimicantes
1389 3667 1603 3723 paratos
1633 3655 1976 3720 occumbere,
2009 3671 2104 3709 nec
2133 3657 2369 3724 abjicere

809 3731 958 3820 spem
1009 3748 1220 3807 saliuis,
1259 3761 1358 3800 nec
1397 3738 1519 3799 cum
1556 3760 1816 3814 generosa
1863 3731 2036 3800 morte
2080 3746 2135 3799 in
2182 3748 2369 3816 praelio

811 3853 1021 3910 turpem
1080 3848 1132 3892 et
1172 3838 1433 3908 abiectam
1481 3837 1799 3891 servitutem
1835 3846 2170 3892 commutare
2211 3839 2368 3894 velle.

809 3933 1049 3987 Vacante
1100 3938 1279 3983 autem
1331 3945 1429 3992 eo,
1487 3929 1843 3996 hortanteque
1894 3912 1970 3981 uti
2030 3929 2364 3984 conﬁdentes

811 4021 942 4074 nihil
983 4034 1140 4074 secus
1182 4034 1455 4086 passuros,
1494 4017 1724 4071 libenter
1762 4033 1819 4070 se
1855 4017 2144 4083 traderent,
2182 4019 2364 4072 statim

809 4119 1177 4174 accesserunt,
1215 4118 1268 4176 et
1315 4108 1652 4170 circumfusi,
1690 4123 1813 4161 eum
1858 4107 2029 4161 solum
2085 4110 2140 4162 in
2191 4111 2371 4164 medio

812 4207 1065 4259 habentes
1127 4203 1456 4265 adorarunt,
1511 4203 1669 4269 eique
1721 4199 1882 4266 pedes
1936 4200 2164 4254 osculati
2220 4211 2364 4256 sunt.

817 4299 926 4361 Quo
981 4295 1099 4348 illos
1150 4294 1480 4361 alloquente,
1517 4301 1570 4344 et
1617 4289 1863 4356 iniquum
1906 4287 2117 4343 facinus
2169 4304 2367 4359 expro-

811 4391 1018 4445 brante,
1060 4385 1202 4451 quod
1241 4384 1397 4435 amici
1435 4395 1556 4432 cum
1615 4385 1819 4439 essent,
1861 4379 1914 4430 in
1951 4393 2099 4432 suam
2144 4382 2368 4449 provin-

810 4480 946 4529 ciam
1000 4475 1320 4532 irruissent.
1371 4471 1709 4538 Niecphorus
1754 4470 1977 4538 despota
2032 4485 2198 4543 gener
2245 4487 2368 4527 cum
2401 4474 2450 4532 Ι)

811 4567 1246 4621 adolescentibus
1297 4563 1618 4632 quibusdam
1669 4561 1942 4615 nobilibus
1991 4570 2194 4616 temere
2245 4578 2370 4631 per-

813 4660 1043 4712 turbatis
1085 4657 1389 4714 ordinibus,
1425 4655 1475 4707 in
1520 4663 1821 4706 extremum
1857 4653 2152 4707 discrimen
2194 4655 2371 4724 impe-

810 4761 1042 4814 ratorem
1078 4747 1330 4814 conjecit.
1371 4745 1582 4798 Etenim
1616 4752 1838 4813 repente
1869 4744 1921 4796 in
1952 4745 2372 4801 circumstantes

811 4844 1000 4896 νει-δας
1052 4841 1396 4892 incurrentes
1433 4851 1529 4889 eos
1575 4838 1692 4890 neci
1739 4835 1958 4890 dabant.
2001 4837 2105 4903 Qui
2153 4840 2372 4895 nudatis

809 4934 1051 4994 ensibus,
1091 4928 1265 4994 facile,
1307 4929 1350 4982 si
1385 4927 1706 4992 voluissent,
1742 4927 2125 4996 imperatorem
2165 4930 2225 4984 in
2255 4946 2372 4985 me-

809 5030 898 5081 dio
931 5042 1118 5080 eorum
1157 5021 1549 5076 consisrentcm
1601 5021 1983 5077 trucidassent.
2029 5021 2150 5076 Rati
2185 5039 2367 5092 porro,

811 5119 861 5170 id
912 5115 1052 5184 quod
1107 5122 1241 5172 erat,
1287 5120 1484 5182 pra'ter
1533 5109 1677 5163 illius
1725 5110 2057 5180 voluntatem
2107 5113 2370 5168 militibus

811 5205 1157 5278 turbantibus
1190 5202 1240 5255 id
1273 5202 1558 5264 accidisse,
1588 5200 1726 5254 nihil
1763 5209 1958 5269 praeter
2001 5201 2078 5255 fas
2105 5213 2366 5273 .egerunt.

739 5345 742 5349 .
811 5299 1104 5366 Imperator
1164 5302 1222 5346 ut
1284 5293 1548 5362 quosdam
1603 5292 1810 5361 aspexit
1869 5292 2131 5358 interfici,
2189 5298 2370 5350 statim

810 5390 1029 5444 Persica
1085 5388 1260 5457 lingua
1315 5381 1625 5449 mandavit,
1686 5384 1761 5438 uti
1819 5383 1874 5438 in
1926 5384 2116 5439 collem
2177 5389 2370 5444 salutis

810 5495 971 5535 causa
1038 5479 1421 5547 confugerent,
1487 5491 1587 5529 nec
1652 5477 1796 5529 enim
1866 5475 2081 5530 Persice
2145 5479 2371 5535 onmino

810 5572 1104 5626 nesciebat.
1139 5572 1339 5624 Novem
1380 5569 1472 5623 illo
1503 5567 1732 5637 impetu,
1768 5583 1874 5620 una
1905 5583 2028 5621 cum
2058 5569 2194 5624 duce
2223 5569 2371 5625 desim

809 5661 1049 5725 deratis,
1105 5663 1240 5718 colle
1291 5678 1480 5716 rursus
1538 5656 1872 5727 conscenso,
1931 5677 2166 5732 pugnam
2225 5665 2370 5719 ciere

811 5750 1146 5809 institerunt.
1184 5755 1486 5823 Imperator
1524 5751 1605 5808 ira
1649 5750 2040 5820 inflammatus,
2074 5768 2366 5824 generum-

2474 3203 2601 3255 όπιν
2628 3203 2714 3256 διὰ
2759 3204 2937 3273 πάσης
2971 3205 3067 3274 τῆς
3107 3205 3323 3267 νυκτὸς,
3354 3207 3536 3258 πᾶσαν
3567 3206 3821 3274 πρόνοιαν
3853 3205 4045 3257 ποιού·

2477 3311 2635 3362 μενος
2684 3294 3036 3364 ἀγνοηθῆναι.
3073 3296 3150 3365 Τῇ
3205 3296 3432 3366 ἐπιούσῃ
3487 3295 3544 3348 δὲ
3585 3298 3644 3349 ἐν
3681 3296 3912 3366 Μεςήνῃ
3971 3297 4040 3363 τῇ

2473 3386 2623 3439 πόλει
2686 3388 2986 3457 συνηνέχθη
3042 3389 3109 3440 τὰ
3171 3388 3512 3457 στρατόπεδα
3564 3388 3889 3457 ἀμφότερα,
3949 3391 4046 3441 καί

2474 3475 2774 3546 γενομένης
2807 3475 3106 3545 συμϐολῆς,
3138 3477 3332 3530 ὲνίκων
3361 3479 3409 3529 οἱ
3438 3476 3698 3543 Ῥωμαῖοι
3732 3478 3874 3530 κατὰ
3907 3479 4046 3548 κρά-

2473 3583 2583 3627 τος,
2633 3568 2724 3618 καὶ
2763 3567 2891 3629 τοὺς
2927 3567 3211 3629 πλείστους
3252 3567 3352 3636 μὲν
3405 3567 3653 3620 ἔκτειναν
3685 3567 3793 3620 τῶν
3819 3567 4045 3638 Βαρϐά-

2478 3675 2583 3726 ρων
2611 3700 2624 3723 ,
2658 3653 2797 3711 εἷλον
2843 3659 2898 3711 δὲ
2931 3662 3021 3712 καὶ
3052 3659 3258 3722 ζῶντας
3290 3659 3536 3722 πολλούς.
3573 3660 3774 3712 Ἐπεσε
3807 3659 3862 3720 δὲ
3889 3663 3987 3712 καὶ
4022 3662 4052 3711 ό

2475 3753 2657 3827 ἕτερος
2693 3754 2802 3807 τῶν
2849 3757 3171 3826 στρατηγῶν
3205 3757 3347 3810 κατά
3377 3757 3475 3824 τὴν
3532 3759 3731 3826 μάχην,
3768 3758 4045 3826 Καραμα-

2473 3845 2676 3914 χούμετ
2714 3848 3277 3917 προσαγορευόμενος.
3342 3848 3383 3899 0
3415 3846 3470 3899 δὲ
3513 3847 3697 3908 λοιπὸς
3749 3848 4054 3914 Μαρατου-

2477 3924 2666 4004 μάνος,
2725 3937 2941 4005 ὀλίγους
2987 3939 3094 3991 τῶν
3153 3941 3212 3992 ὲν
3268 3937 3345 4007 τῷ
3394 3939 3592 3992 αὐτίκα
3642 3938 3699 3990 τὸ
3749 3939 4054 3993 ἀποθανεῖν

2472 4026 2843 4095 διαφυγόντων
2906 4028 3078 4099 ἔχων,
3135 4031 3244 4084 τῶν
3309 4031 3488 4084 ἵππων
3538 4032 3844 4092 ἀποϐάντες
3895 4031 4057 4101 λόφῳ

2475 4118 2900 4190 προσεχώρησάν
2962 4137 3103 4174 τινι·
3161 4122 3254 4174 καὶ
3323 4125 3697 4184 καταστάντες
3770 4124 4055 4191 ἠμύνοντο

2477 4211 2759 4279 βάλλοντες
2787 4217 2996 4285 συχνοῖς
3027 4217 3138 4278 τοῖς
3171 4216 3384 4284 βέλεσιν
3428 4217 3535 4270 ἀπὸ
3585 4217 3678 4269 τοῦ
3710 4217 3875 4284 λόφου
3915 4221 4054 4279 τοὺς

2498 4304 2810 4374 Ῥωμαίους,
2846 4306 2939 4358 καὶ
2977 4308 3205 4370 πολλοὺς
3234 4304 3563 4376 ἐτίτρωσκον
3612 4307 3960 4378 στρατιώτας
3996 4329 4053 4361 τε

2479 4396 2571 4448 καὶ
2596 4396 2814 4459 ἵππους.
2841 4395 3117 4458 Κελεύσας
3139 4398 3193 4449 δὲ
3224 4401 3250 4450 ὁ
3279 4397 3534 4466 βασιλεὺς
3563 4397 3902 4467 ἀποσχέσθαι
3944 4402 4056 4469 μά-

2476 4504 2576 4556 χης
2606 4487 2667 4538 τδ
2717 4489 3102 4556 στρατόπεδον,
3137 4491 3303 4556 ἐγγὺς
3356 4493 3649 4561 γενόμενος
3704 4492 3888 4555 αὐτὸς,
3925 4495 4058 4546 ἐκέ-

2474 4574 2594 4626 λευε
2647 4578 2759 4638 τοῖς
2810 4577 3049 4646 Πέρσαις
3093 4583 3439 4649 προσχωρεῖν
3489 4582 3637 4650 αύτῴ
3693 4582 3859 4650 μηδὲν
3916 4585 4059 4636 ὑπο-

2475 4665 2771 4729 πτεύοντας
2827 4669 3022 4723 δεινόν.
3058 4665 3163 4722 τΗν
3198 4671 3312 4739 γὰρ
3360 4673 3543 4736 αὐτοῖς
3608 4673 3706 4724 οὐκ
3760 4674 4057 4740 ἄγνωστος

2475 4756 2734 4818 πολλάκις
2793 4759 3228 4828 συστρατεύσασι
3279 4763 3418 4815 κατά
3473 4766 3565 4816 τὸν
3618 4764 3711 4814 τοῦ
3767 4767 4056 4833 ἐμφυλίου

2474 4849 2712 4917 πολέμου
2769 4853 2977 4920 χρόνον.
3013 4852 3078 4906 Οἱ
3128 4854 3174 4905 δ’
3205 4855 3413 4923 ἔφασαν
3465 4856 3689 4926 γνώμης
3720 4858 3818 4924 μὲν
3866 4858 4058 4921 οὕτως

2474 4935 2638 5006 ἔχειν,
2673 4939 2747 5000 ὡς
2788 4941 2842 4992 ὲν
2902 4943 3012 5004 τοῖς
3056 4942 3238 5007 ὅπλοις
3281 4944 3644 5015 ἀποθνήσκειν
3681 4945 4059 5014 ἀμυνόμενος,

2474 5031 2567 5082 καλ¹
2606 5030 2694 5099 ,μὴ
2747 5035 3183 5102 καταπροῖεσθαι
3213 5035 3312 5098 τὰς
3341 5035 3434 5089 τοῦ
3473 5036 3742 5099 σώζεσθαι
3775 5035 4017 5102 ἐλπίδας
4043 5056 4055 5068 ·

2478 5122 2599 5191 μηδ’
2653 5123 3005 5183 ἀλλάττεσθαι
3073 5126 3318 5179 δουλείαν
3391 5128 3622 5198 αἰσχρὰν
3682 5128 3775 5181 καὶ
3837 5131 4064 5201 ἀγεννῆ

2473 5216 2593 5268 ἀντὶ
2619 5215 2713 5268 τοῦ
2748 5219 3091 5288 μαχομένους
3124 5219 3385 5287 γενναίως
3429 5221 3811 5289 ἀποθνήσκειν.
3864 5223 4060 5276 Αὑτοῦ

2473 5307 2532 5360 δὲ
2586 5309 2878 5371 καλοῦντος
2945 5312 3039 5363 καὶ
3117 5311 3429 5373 κελεύοντος
3487 5312 3830 5382 θαρῤεῖν,ὼς
3890 5315 4063 5368 οὐδὲν

2475 5400 2882 5469 ὑπομενοῦντας
2913 5401 3157 5469 ἀγεννὲς,
3188 5402 3484 5472 προθύμως
3514 5404 3845 5474 ἐγχειρίσειν
3873 5410 4059 5474 σφᾶς,

2475 5490 2569 5543 καὶ
2604 5491 2916 5562 προσῄεσαν
2947 5495 3192 5556 Αὐτίκα,
3222 5498 3316 5546 καὶ
3363 5497 3799 5568 περιϊστάμενοι,
3837 5514 4060 5567 προσε-

2472 5577 2666 5630 κύνουν
2687 5581 2780 5632 καὶ
2812 5580 3121 5647 ἠσπάζοντο
3151 5581 3277 5644 τοὺς
3305 5583 3470 5646 πόδας
3529 5586 3689 5653 μόνον
3719 5584 3948 5654 ἔχοντες
3999 5593 4062 5642 ἐν

2474 5668 2680 5740 μέσοις.
2728 5671 3119 5742 Διαλεγομένου
3152 5673 3206 5725 δὲ
3239 5673 3450 5727 ἐκείνου
3493 5680 3605 5738 τοῖς
3646 5678 3915 5745 Πέρσαις,
3956 5683 4061 5735 καὶ

2469 5760 2568 5831 τὴν
2604 5763 2996 5833 ἀγνωμοσύνην
3032 5765 3409 5832 ὀνειδίζοντος,
3439 5768 3654 5824 ὅτιτῶν
3686 5769 3862 5839 φίλων
3887 5770 4060 5837 ὄντες
