4110 6320
793 365 862 427 79
1910 312 1912 315 ’
1978 355 2294 414 JUANNIS
2335 354 2864 416 CANTACUZENI
3966 351 4047 414 to

793 479 862 533 ob
890 475 1174 533 dimissum
1219 470 1466 533 militem,
1509 483 1670 538 quem
1723 484 1938 521 rursum
2002 483 2196 537 cogere
2244 476 2350 520 tam

2458 484 2619 519 τινων
2652 469 2966 537 φροντίδων.
2997 466 3207 531 Μεταξὺ
3230 469 3286 520 δὲ
3321 466 3580 530 ὁδεύοντι,
3616 467 3917 536 ἠγγέλλετο
3956 470 4045 529 ὠς

699 545 704 550 λ
797 570 944 625 brevi
991 577 1236 636 tempore
1279 578 1392 617 non
1442 570 1676 632 poterat,
1713 561 2116 642 metuebatque,
2153 574 2221 612 ne
2269 559 2350 612 iu-

797 664 940 715 terea‘
987 659 1116 713 dum
1168 665 1420 727 cogeret,
1463 655 1642 708 Persae
1689 668 1812 706 cum
1862 652 2039 720 prada
2077 651 2132 703 in
2171 647 2351 722 Asiam

795 749 1212 819 renavigarent,
1271 756 1324 798 ct
1379 747 1493 814 ipse
1546 743 1822 798 incassum
1881 742 2112 796 veniret.
2163 743 2351 808 Itaque

794 851 1036 903 coactus,
1071 847 1394 909 praesentem
1433 836 1643 906 copiam
1698 835 1752 888 in
1805 835 1925 888 illos
1959 836 2125 897 ducit,
2159 843 2213 888 et
2251 850 2349 903 po-

793 933 986 988 stridie
1030 929 1171 999 apud
1222 938 1463 982 montem
1503 925 1713 996 Lippici
1766 927 2094 995 appellatum
2141 936 2350 980 castra-

795 1023 1123 1078 metantibus
1171 1019 1592 1090 appropinquat.
1632 1017 1796 1072 Forte
1829 1017 1885 1070 in
1923 1017 2041 1071 loco
2091 1016 2352 1086 impedito

793 1113 971 1167 Persae
1025 1111 1348 1175 tendebant,
1376 1117 1429 1162 et
1485 1109 1868 1177 imperatorem
1918 1107 2208 1180 conﬂigere
2257 1122 2353 1164 vo-

794 1206 992 1257 lentem
1037 1203 1227 1256 adesse
1272 1201 1612 1255 nesciebant.
1663 1200 1960 1270 Imperator
1992 1212 2173 1255 autem
2217 1201 2356 1255 locis“

793 1294 1121 1354 dillicilibus,
1158 1292 1424 1360 fossisque
1481 1300 1534 1344 et
1569 1291 1810 1344 vallibus
1833 1291 2181 1360 interruptis,
2213 1306 2350 1360 quos

790 1387 1024 1455 ducebat
1063 1385 1462 1452 cataphractos,
1491 1382 1793 1450 ‘sagittariis
1837 1383 2050 1437 levibus
2108 1393 2163 1436 et
2195 1399 2351 1453 expe-

789 1477 918 1532 ditis
969 1474 1322 1546 opponendos
1371 1489 1480 1527 non
1528 1474 1774 1542 putabat.
1811 1471 1944 1527 Nam
1991 1483 2346 1544 praeterquam

789 1569 936 1642 quod
989 1567 1172 1636 plures
1220 1576 1399 1626 erant,
1442 1564 1607 1619 etiam
1661 1563 2031 1619 ditlicultatem
2089 1567 2191 1620 loci
2241 1585 2348 1622 non

788 1677 978 1732 parum
1011 1661 1078 1714 iis
1101 1660 1164 1714 ad
1192 1660 1474 1713 victoriam
1508 1657 1773 1712 momenti
1803 1658 2109 1714 allaturam.
2142 1659 2350 1717 Idcirco

791 1752 1160 1822 prosp'eiehat
1212 1750 1349 1813 suis,
1391 1759 1448 1804 ut
1499 1749 1552 1802 in
1601 1749 1736 1805 locis
1785 1751 2156 1819 opacissimis,
2184 1761 2239 1807 et
2279 1753 2348 1808 ad

2456 559 2595 610 κατα
2648 561 2739 612 τὸν
2810 557 3201 627 Ἑλλήσποντον
3260 559 3488 628 στρατιά
3535 559 3758 628 Περσῶν
3819 561 4042 628 ἱππικὴ

2455 631 2824 716 περαιωθετσα
2879 649 3044 716 ὀλίγῳ
3091 647 3346 714 ἐλάσσους
3385 648 3661 719 δισχιλίων
3689 649 4040 713 ἐπιλέκτων,

2455 738 2721 807 ἐτράπετο
2764 740 2854 791 ἐπὶ
2901 739 3192 808 λεηλασίαν
3228 738 3368 791 κατὰ
3410 738 3509 802 τὰς
3554 739 3652 809 τῆς
3675 738 3898 810 Θρᾴκης
3934 743 4045 792 πέ-

2453 829 2587 892 λεις.
2621 831 3004 901 Ἠχθετο,μὲν
3051 829 3144 884 οῦν
3203 831 3365 894 εὐθὺς
3407 833 3435 884 ὁ
3487 831 3741 900 βασιλεὺς
3777 833 3870 883 ἐπὶ
3923 831 4043 896 τῆς

2454 912 2722 992 στρατιᾶς
2764 926 2829 992 τῇ
2880 922 3150 990 διαλύσει·
3199 901 3649 992 μεταπέμπεσθαι
3702 923 3810 993 γὰρ
3862 918 4043 985 αὖθις

2453 1017 2551 1068 οὐκ
2584 1016 2729 1084 ἐνῆν,
2761 1016 2860 1069 οὐκ
2883 1016 3238 1083 ἐξαρκοῦντος
3259 1014 3354 1068 τοῦ
3382 1016 3595 1086 χρόνου.
3645 1015 3868 1070 Ἑδεδίει
3905 1019 4039 1086 γὰρ

2456 1107 2531 1177 μὴ
2557 1109 2611 1158 ἐν
2634 1100 2678 1174 ᾧ
2719 1108 2816 1176 τὴν
2849 1108 3107 1176 στρατιὰν
3151 1107 3420 1174 συλλέγων
3467 1106 3755 1176 διατρίϐοι,
3787 1107 3838 1158 εί
3877 1108 4041 1176 Πέρ-

2454 1215 2544 1251 σαι
2579 1199 2675 1267 μὲν
2712 1201 2810 1268 τὴν
2855 1199 3004 1250 λέίαν
3033 1185 3259 1266 ἄγοντες
3303 1194 3461 1260 αὖθις
3512 1197 3898 1268 περαιωθῶσιν
3949 1201 4042 1258 εἰς

2465 1288 2671 1357 Ἀσίαν,
2733 1290 3010 1361 ὐστερήσῃ
3054 1289 3112 1342 δὲ
3165 1289 3356 1343 ἐλθών.
3408 1290 3571 1344 Ὀθεν
3622 1292 3704 1352 είς
3769 1291 4044 1358 ἀνάγκην

2455 1381 2885 1455 συνωθούμεχος,
2917 1381 3110 1452 ἐχώρει
3158 1382 3278 1451 μεθ’
3313 1374 3386 1435 ὧν
3429 1376 3578 1451 εῖχεν
3622 1382 3708 1435 ἐπ’
3753 1381 4042 1443 ἐκείνους.

2452 1474 2549 1528 καὶ
2603 1475 2683 1538 είς
2735 1474 2832 1546 τὴν
2869 1474 3148 1539 ἐπιοῦσαν,
3193 1461 3359 1544 ὲγγῦς
3388 1467 3624 1542 ’ἐγένετο
3673 1473 3928 1542 Περσῶν,
3986 1473 4044 1526 οῖ

2455 1566 3007 1636 ἐστρατοπεδευμένοι
3052 1562 3194 1636 ἦσαν
3232 1567 3375 1620 κατὰ
3405 1566 3466 1620 τὸ
3501 1566 3596 1620 τοῦ
3628 1567 3858 1628 Λίπικος
3897 1564 4041 1635 ὅρος

2454 1657 3020 1729 προσαγορευόμενον.
3079 1657 3285 1727 Συνέϐη
3345 1659 3403 1712 δὲ
3453 1658 3511 1711 ἐν
3571 1675 3632 1711 τε
3686 1659 4042 1727 δυσχωρίαις

2451 1747 2576 1812 τοὺς
2616 1748 2830 1818 Πέρσας
2878 1748 3426 1818 ἑστρατοπεδεῦσθαι,
3473 1750 3567 1804 καὶ
3609 1749 3776 1820 μηδὲν
3818 1749 4040 1801 εἰδέναι

787 1845 1174 1899 occultandum
1221 1856 1344 1897 sese
1393 1831 1605 1897 idoneis
1650 1843 2030 1909 densarentur,
2063 1858 2188 1898 cum
2222 1859 2349 1898 cau-

2455 1842 2584 1908 περὶ
2622 1840 2909 1910 βασιλέως,
2939 1841 3016 1904 ὡς
3044 1841 3210 1908 ἐγγὺς
3251 1842 3338 1910 εἴη
3386 1841 3800 1911 συμπλέκεσθαι
3832 1840 4042 1910 βουλό·

787 1925 938 1992 tione
994 1938 1186 2001 multa,
1232 1953 1299 1990 ne
1357 1951 1386 1990 a
1435 1935 1690 1992 Barbaris
1743 1935 2219 2006 conspicerentur.
2273 1938 2351 1994 Ita

789 2031 1057 2100 reliquum
1099 2029 1238 2083 diem
1287 2029 1708 2096 consumebant,
1741 2028 1990 2083 fallentes
2036 2029 2155 2085 illos
2195 2031 2287 2100 qui
2321 2047 2352 2086 e

791 2121 1012 2191 regione
1046 2131 1222 2176 castra
1255 2121 1549 2174 habebant.
1585 2119 1710 2190 Sole
1735 2121 1846 2189 jam
1879 2119 2184 2185 occidente,
2218 2121 2348 2176 Bar-

788 2214 903 2269 bari
938 2214 1132 2267 castris
1167 2213 1463 2281 praedatum
1500 2226 1609 2281 quo
1642 2212 1845 2267 libebat
1877 2213 2262 2282 procedebant,
2298 2222 2353 2268 et

789 2289 1085 2372 imperator
1123 2317 1218 2356 eos
1256 2302 1404 2356 lento
1439 2302 1609 2372 gradu
1656 2310 1768 2356 tota
1818 2313 1980 2374 nocte
2018 2305 2351 2360 omnimodis

789 2395 960 2449 latere
1005 2395 1232 2448 studens
1285 2393 1636 2462 Sequebatur.
1672 2393 1835 2463 739
1868 2395 2096 2450 Postero
2147 2398 2234 2452 die
2283 2399 2349 2454 ad

788 2485 1062 2538 Mescnam
1115 2478 1650 2552 oppitlumagniina
1704 2484 1865 2537 ambo
1917 2485 2176 2549 veniunt,
2227 2504 2352 2542 con-

790 2575 1049 2644 ﬂictuqne
1099 2574 1255 2634 inito,
1296 2571 1522 2625 Romani
1573 2573 1822 2642 plurimls
1858 2575 2215 2631 Barbarorum
2259 2594 2352 2633 oc.-

789 2667 938 2728 cisis,
976 2665 1161 2719 multis
1200 2664 1362 2718 etiam
1411 2663 1606 2732 captis,
1641 2664 1843 2719 virtute
1887 2666 2166 2721 victoriam
2203 2668 2349 2722 obti-

790 2767 1045 2811 nuerunt.
1087 2758 1144 2809 In
1185 2772 1362 2826 pugna
1411 2757 1551 2810 alter
1603 2756 1838 2822 durum,
1893 2757 2350 2815 Caratnachuntet

790 2847 1074 2909 vocabulo,
1112 2862 1154 2899 οι
1178 2848 1345 2908 cidit;
1387 2846 1544 2912 pauci
1592 2845 1681 2914 qui
1734 2846 1788 2899 in
1837 2863 2076 2916 przescns
2117 2862 2347 2905 mortem

788 2939 1117 3008 eﬂ‘ugeruut,
1155 2954 1278 2991 cum
1330 2937 1703 2990 Maratumano
1736 2939 1906 2992 altero
1944 2939 2080 2992 duce
2115 2941 2350 2996 desertis

790 3033 947 3101 cquis
991 3012 1184 3085 collem
1236 3034 1525 3099 quemdam
1575 3039 1934 3098 occuparunt,
1976 3030 2350 3086 nndc.crcbro

2455 1949 2638 2000 μενος.
2672 1933 2896 1986 Βασιλεῖ
2919 1934 2976 1987 δὲ
3001 1935 3101 1986 οὐκ
3141 1933 3316 1986 ἐδόκει
3337 1933 3445 1987 δεῧ)
3474 1935 3532 1988 ἐν
3559 1933 3891 2004 δυσχωρέαις
3936 1933 4043 1985 καὶ

2453 2025 2700 2094 τάφροις,
2730 2025 2824 2076 καὶ
2860 2027 3100 2097 φάραγξι
3136 2026 3587 2095 διατετρημένοις
3622 2026 3842 2097 χωρίοις
3869 2023 4043 2088 τοξό-

2451 2133 2570 2180 ταις
2628 2118 2719 2170 καὶ
2779 2118 3062 2172 εύσταλέσι
3123 2121 3218 2174 καὶ
3274 2121 3534 2190 κούφοις,
3594 2118 4038 2188 καταφράκτους

2450 2210 2598 2275 ἄγων
2643 2209 3055 2277 συμπλέκεσθαι
3118 2211 3256 2282 πρὸς
3317 2213 3522 2281 μάχην.
3589 2211 3732 2280 Πρὸς
3785 2210 3898 2280 γὰρ
3934 2209 4040 2278 .τῷ

2453 2297 2884 2362 πολλαπλασίους
2931 2295 3102 2367 εἶναι,
3143 2283 3236 2353 καὶ
3289 2301 3655 2372 ή--δυσχωρία
3705 2301 3808 2354 οὐκ
3864 2300 4042 2369 ὀλίγα

2455 2389 2817 2458 συμϐαλεῖται
2877 2392 3012 2459 πρὸς
3063 2391 3162 2461 τὴν
3218 2393 3509 2462 νίκηνσδι⁹
3555 2393 3594 2447 ἃ
3647 2393 3864 2446 ἐκέλευε
3933 2393 4042 2464 τὴν

2453 2483 2716 2551 στρατιὰν
2747 2483 3173 2552 καταζευγνύειν
3199 2487 3258 2540 ἐν
3284 2486 3471 2550 τόποις
3519 2486 3756 2556 μάλιστα
3783 2481 4037 2556 συνηρεὲ

2452 2574 2576 2642 φέσι
2616 2576 2708 2626 καὶ
2744 2574 3062 2643 δυναμένοις
3087 2577 3483 2648 ἀποκρύπτειν,
3519 2578 3720 2648 πολλὴν
3753 2579 4033 2646 πρόνοιαν

2453 2668 2808 2736 ποιουμένους
2839 2670 3235 2740 μὴκατάδηλοι
3263 2671 3515 2739 γενέσθαι
3549 2675 3659 2735 τοῖς
3690 2670 4028 2741 βαρϐάροις.

2453 2761 2558 2812 Καὶ
2587 2760 2849 2830 διήγαγον
2875 2762 3020 2816 οὕτω
3046 2765 3106 2816 τὸ
3138 2764 3322 2816 λεῖπον
3356 2763 3456 2833 τῆς
3484 2764 3699 2834 ἡμέρας
3729 2765 3842 2825 τοῖς
3889 2764 4038 2832 βαρ·

2452 2850 2638 2919 ϐἀροις
2666 2853 3377 2922 άντιστρατοπεδευομένοις
3402 2853 3794 2922 ἀγνοούμενοι.
3822 2853 4036 2906 Δύνον-

2451 2959 2540 3005 τος
2575 2944 2630 2995 δὲ
2659 2945 2809 3014 ἡλίου
2831 2946 2955 3014 ἤδη,
2980 2945 3112 2998 οἵτε
3147 2946 3417 3014 Βάρδαροι
3446 2948 3508 2998 ὲκ
3533 2945 3627 2998 τοῦ
3655 2948 4038 3013 στρατοπέδου

2453 3036 2705 3104 ἄραντες,
2742 3039 2987 3104 ἐϐάδιζον
3016 3058 3048 3113 ῃ
3077 3039 3260 3102 αὐτοῖς
3288 3040 3462 3092 ἐδόκει
3490 3043 3581 3094 ἐπὶ
3606 3039 3680 3108 τῷ
3708 3040 4036 3107 λ.ηἲσ;σοαι.

791 3124 843 3174 in
910 3121 1184 3191 [tertianos
1231 3119 1570 3189 iaculantes,
1625 3118 1932 3187 multosque
1989 3129 2043 3173 ct
2087 3136 2258 3189 equos
2299 3131 2347 3175 et

2457 3128 2564 3179 Καὶ
2601 3130 2627 3180 ό
2667 3128 2920 3196 βασιλεὺς
2948 3129 3045 3199 τὴν
3077 3132 3334 3200 στρατιὰν
3367 3130 3525 3200 ἔχων,
3564 3132 3646 3202 ᾔει
3689 3131 3852 3200 σχολῇ
3889 3148 4037 3184 κατ-

791 3214 988 3267 militcs
1023 3212 1368 3265 vulnerantes
1401 3225 1523 3266 sese
1557 3211 1866 3265 tuebantur.
1910 3212 1965 3264 In
1990 3203 2207 3282 perator
2238 3215 2352 3267 suis

789 3307 1027 3364 cdiccus.
1059 3306 1134 3358 uti
1166 3320 1341 3372 pugna
1375 3304 1734 3368 abStinerent,
1763 3306 1982 3373 propior
2009 3307 2199 3371 Iactus,
2225 3307 2352 3361 Pcr-

790 3414 877 3452 sas
929 3412 986 3451 se
1035 3397 1232 3450 dedere
1273 3395 1458 3462 jussit,
1496 3393 1637 3448 nihil
1684 3395 1904 3463 gravius
1955 3395 2349 3465 formidantes;

791 3500 908 3546 erat
939 3491 1084 3544 enim
1114 3489 1218 3544 illis
1249 3487 1392 3541 haud
1423 3486 1661 3557 ignotus.
1689 3487 1883 3557 quippe
1907 3490 2125 3556 quicum
2153 3491 2354 3558 διυιιίιε

789 3579 932 3632 bello
965 3578 1108 3632 civili
1146 3575 1529 3629 militaverant.
1564 3574 1667 3640 Qui
1703 3575 2064 3636 aﬂirmarunt.
2100 3580 2152 3632 in
2188 3581 2354 3645 armis

792 3686 888 3739 pro
924 3685 981 3724 se
1017 3659 1336 3722 dimicantes
1370 3679 1585 3736 paratos
1615 3669 1958 3734 occumbere,
1991 3685 2086 3724 ucc
2115 3671 2352 3740 abjicere

790 3774 940 3832 spem
990 3761 1202 3821 salutis,
1239 3774 1340 3813 nec
1379 3774 1501 3812 curn
1537 3773 1798 3827 generosa
1845 3746 2017 3814 morte
2063 3761 2117 3814 in
2164 3764 2352 3832 praelio

792 3866 1002 3922 turpem
1061 3861 1113 3905 ct
1153 3851 1415 3921 abiectam
1463 3851 1780 3904 servitutem
1817 3861 2152 3907 commutare
2193 3855 2350 3909 velle.

790 3947 1030 4001 Vocantc
1082 3951 1260 3996 autem
1312 3958 1410 4005 eo,
1468 3943 1824 4010 hortanteque
1875 3943 1952 3996 uti
2012 3945 2346 3999 conﬁdentes

791 4034 923 4088 nihil
964 4047 1121 4087 secus
1163 4047 1436 4100 passuros,
1475 4031 1705 4084 libenter
1744 4047 1800 4085 se
1837 4033 2126 4097 traderent,
2164 4034 2346 4088 statim

789 4132 1158 4186 accesserunt,
1196 4132 1249 4176 et
1296 4122 1633 4184 circumfusi,
1672 4138 1794 4176 eum
1840 4123 2010 4176 solum
2067 4125 2120 4177 in
2173 4126 2353 4179 medio

793 4221 1046 4272 Imhi-utcs
1108 4216 1437 4278 adorarunt,
1492 4216 1650 4283 eique
1703 4214 1863 4281 pedes
1918 4216 2146 4269 osculati
2202 4226 2345 4270 sunt.

798 4312 908 4374 ςὶιιο
961 4309 1080 4361 illus
1131 4307 1461 4374 alloquentc,
1498 4315 1552 4357 et
1599 4304 1844 4372 iniquum
1887 4303 2098 4358 facinus
2150 4319 2349 4374 expro-

792 4405 999 4458 hrantc,
1041 4397 1182 4464 quod
1221 4397 1378 4448 amici
1415 4408 1538 4447 cum
1595 4400 1800 4455 essent,
1843 4394 1895 4446 in
1931 4409 2080 4446 suam
2126 4397 2350 4464 provin-

2456 3219 2584 3271 όπιν
2611 3219 2696 3272 διὰ
2741 3220 2919 3288 πάσης
2953 3221 3049 3290 τῆς
3089 3221 3305 3282 νυκτὸς,
3337 3224 3518 3274 πᾶσαν
3550 3223 3804 3290 πρόνοιαν
3836 3223 4037 3274 ποιού-

2459 3327 2618 3376 μενος
2666 3309 3018 3378 ἀγνοηθῆναι.
3055 3311 3132 3380 Τῇ
3187 3312 3414 3382 ἐπιούσῃ
3469 3311 3527 3364 δὲ
3568 3315 3626 3365 ἐν
3664 3312 3897 3383 Μεσήνῃ
3960 3315 4031 3381 τῇ

2457 3402 2606 3454 πόλει
2668 3404 2968 3473 συνηνέχθη
3024 3404 3091 3456 τὰ
3153 3404 3494 3474 στρατόπεδα
3546 3404 3874 3474 ἀμφότερα,
3935 3408 4035 3459 καὶ

2457 3490 2756 3561 γενομένης
2789 3491 3088 3560 συμϐολῆς,
3120 3493 3314 3546 ἐνίκων
3343 3495 3391 3546 ot
3420 3493 3680 3560 Ῥωμαῖοι
3714 3495 3858 3547 κατὰ
3891 3497 4034 3566 κρά-

2455 3597 2566 3642 τος,
2615 3582 2872 3649 καὶτοὺς
2909 3583 3194 3646 πλείστους
3234 3583 3335 3652 μὲν
3387 3583 3636 3637 ἔκτειναν
3667 3583 3776 3638 τῶν
3800 3585 4032 3655 Βαρϐά-

2460 3690 2566 3741 ρων
2593 3715 2606 3739 ,
2641 3668 2780 3725 εἷλον
2825 3675 2879 3726 δὲ
2912 3677 3003 3727 καὶ
3034 3675 3240 3739 ζῶντας
3272 3675 3518 3739 πολλούς.
3556 3677 3756 3729 Ἔπεσε
3788 3677 3845 3730 δὲ
3871 3681 3974 3730 καὶ
4003 3679 4037 3749 ,ό

2457 3769 2640 3838 ἕτερος
2675 3770 2784 3822 τῶν
2830 3773 3152 3842 στρατηγῶν
3187 3773 3328 3826 κατὰ
3359 3774 3457 3841 τὴν
3513 3775 3713 3842 μάχην,
3749 3775 4030 3844 Καραμα-

2456 3860 2658 3928 χούμετ
2696 3863 3258 3933 προσαγορευόμενος.
3324 3865 3365 3915 0
3397 3863 3452 3916 δὲ
3495 3863 3679 3926 λοιπὸς
3731 3865 4037 3933 Μαρατου-

2459 3951 2648 4019 μάνος,
2707 3952 2923 4020 ὀλίγους
2969 3955 3076 4007 τῶν
3135 3957 3193 4007 ὲν
3250 3954 3326 4024 τῷ
3375 3955 3574 4009 αὐτίκα
3623 3955 3680 4008 τὸ
3730 3957 4036 4011 ἀποθανεῖν

2454 4041 2825 4110 διαφυγόντων
2887 4044 3060 4114 ἔχων,
3116 4047 3225 4099 τῶν
3291 4047 3469 4101 ἵππων
3519 4049 3826 4110 ἀποϐάντες
3876 4049 4037 4118 λόφῳ
4092 4097 4093 4114 1

2457 4133 2882 4205 προσεχώρητάν
2943 4153 3085 4190 τινιο
3143 4138 3236 4191 καὶ
3305 4141 3678 4201 καταστάντες
3751 4141 4034 4209 ἠμύνοντο

2458 4225 2741 4294 βάλλοντες
2768 4233 2978 4301 συχνοῖς
3009 4234 3119 4294 τοῖς
3152 4232 3365 4300 βέλεσιν
3409 4235 3516 4287 ἀπὸ
3567 4234 3658 4286 τοῦ
3691 4235 3856 4302 λόφου
3895 4240 4032 4296 τοὺς
4087 4297 4089 4304 ι

2479 4319 2792 4389 Ῥωμαίους,
2828 4321 2921 4375 καὶ
2958 4324 3185 4387 πολλοὺς
3215 4322 3545 4392 ἐτίτρωσκον
3593 4325 3940 4395 στρατιώτας
3975 4347 4030 4379 τε

2460 4411 2553 4463 καὶ
2577 4411 2796 4475 ἵππους.
2823 4412 3098 4474 Κελεύσας
3119 4415 3174 4465 δὲ
3205 4416 3230 4467 ὁ
3261 4413 3516 4484 βασιλεὺς
3544 4415 3882 4484 ἀποσχέσθαι
3921 4421 4032 4487 μά-

791 4493 926 4542 cizuu
981 4488 1300 4546 irruisscnt.
1351 4486 1690 4554 Nicephorus
1735 4485 1957 4552 despota
2013 4500 2179 4553 gener
2225 4502 2350 4541 cum

2457 4520 2557 4571 χης
2587 4502 2648 4554 τὸ
2699 4505 3083 4572 στρατόπεδον,
3118 4508 3285 4573 ἐγγὺς
3337 4511 3629 4578 γενόμενος
3684 4509 3868 4572 αὐτὸς,
3903 4485 4032 4565 ἔκέ-
4081 4543 4085 4578 1:

791 4580 1227 4633 adolescentibus
1277 4578 1599 4646 quibusdam
1650 4576 1923 4629 nobilibus
1973 4585 2176 4631 temere
2226 4593 2350 4646 per-

793 4673 1023 4725 turbatis
1065 4670 1370 4729 ordinibus,
1405 4669 1456 4721 in
1501 4679 1802 4721 extremum
1838 4667 2132 4722 discrimen
2175 4670 2352 4738 impe-

791 4774 1022 4826 ratorem
1058 4761 1310 4828 conjecit.
1351 4760 1563 4812 Etenim
1597 4766 1817 4827 repente
1850 4759 1902 4810 in
1933 4759 2352 4816 circumstantes

792 4857 981 4908 I’ct‘sas
1031 4854 1376 4906 incurrentes
1414 4865 1509 4904 eos
1556 4852 1672 4904 neci
1720 4850 1939 4904 dabant.
1982 4851 2086 4917 Qui
2134 4855 2353 4910 nudatis

789 4947 1032 5007 ensibus,
1071 4943 1246 5009 facile,
1288 4943 1331 4996 si
1366 4941 1686 5005 voluissent,
1722 4941 2106 5010 imperatorem
2145 4945 2205 4999 in
2237 4961 2354 5001 mc-

789 5042 878 5094 dio
911 5055 1099 5094 eorum
1137 5037 1529 5091 consiswntem
1581 5035 1963 5091 trucidassent.
2011 5035 2131 5092 Rati
2165 5053 2347 5107 porro,

789 5131 840 5184 id
891 5129 1032 5198 quod
1087 5136 1221 5186 erat,
1269 5134 1464 5195 ιιι-ηδιον
1514 5123 1658 5176 illius
1707 5123 2037 5180 voluntatem
2087 5127 2351 5183 militibus

791 5219 1137 5274 turbantibus
1169 5216 1220 5269 id
1252 5215 1538 5278 accidisse,
1569 5213 1706 5267 nihil
1742 5223 1938 5283 praster
1980 5215 2058 5270 fas
2087 5229 2346 5289 egerunt.

719 5358 722 5362 .
790 5289 1084 5380 Imperator
1145 5316 1201 5359 ut
1265 5305 1527 5374 quosdam
1583 5306 1790 5375 aspexit
1849 5306 2111 5372 interﬁci,
2169 5313 2350 5365 statim

789 5404 1008 5458 Persica
1065 5401 1240 5470 lingua
1295 5394 1606 5464 mandavit,
1666 5399 1742 5452 uti
1799 5398 1854 5452 in
1905 5399 2097 5454 collem
2158 5404 2350 5460 salutis

789 5509 951 5549 causa
1017 5491 1401 5560 confugerent,
1466 5505 1567 5543 nec
1631 5491 1775 5544 enim
1846 5490 2060 5545 Persice
2125 5494 2351 5549 ontuino

790 5585 1084 5638 nesciebat.
1119 5585 1319 5637 Nevem
1360 5582 1451 5636 illo
1484 5581 1712 5652 impetu,
1747 5597 1853 5636 una
1884 5598 2006 5637 cum
2037 5584 2173 5638 duce
2202 5585 2350 5640 desi--

789 5675 1029 5737 deratis,
1084 5675 1220 5731 colle
1270 5692 1459 5730 rursus
1517 5671 1851 5741 conscenso,
1911 5692 2146 5746 pugnam
2205 5680 2350 5734 ciere

791 5764 1124 5822 institerunt.
1162 5768 1466 5837 Imperator
1503 5767 1584 5822 ira
1628 5765 2019 5834 inﬂammatus,
2053 5783 2346 5839 generoru-

2455 4589 2576 4642 λευε
2629 4594 2740 4654 τοῖς
2792 4593 3030 4662 Πέρσαις
3075 4600 3420 4666 προσχωρεῖν
3470 4598 3618 4668 αύτῴ
3674 4601 3839 4668 μηδὲν
3893 4603 4032 4655 ὕπο-

2456 4681 2752 4745 πτεύοντας
2808 4685 3004 4740 δεινόν.
3039 4681 3144 4738 Ἦν
3179 4689 3294 4756 γὰρ
3340 4691 3524 4752 αὐτοῖς
3589 4690 3686 4742 οὐκ
3740 4691 4029 4757 ἄγνωστος

2456 4772 2715 4835 πολλάκις
2774 4776 3209 4844 συστρατεύσασι
3259 4779 3398 4832 κατά
3454 4784 3546 4833 τὸν
3598 4782 3691 4832 τοῦ
3748 4784 4027 4851 ἐμφυλίου
4077 4815 4081 4851 ,-

2454 4865 2693 4933 πολέμου
2749 4869 2957 4937 χρόνον.
2994 4868 3058 4923 Οἱ
3109 4871 3154 4922 δ’
3185 4872 3392 4940 ἔφασαν
3444 4873 3669 4944 γνώμης
3700 4876 3798 4942 μὲν
3845 4876 4026 4939 οὕτως

2455 4951 2620 5022 ἔχειν,
2654 4955 2727 5016 ὡς
2769 4958 2824 5008 ὲν
2882 4960 2992 5020 τοῖς
3037 4959 3219 5024 ὅπλοις
3261 4961 3624 5031 ἀποθνήσκειν
3661 4963 4027 5031 ἀμυνόμενον,

2455 5047 2548 5098 καὶ
2586 5046 2675 5115 ,μὴ
2727 5052 3164 5119 καταπροῖεσθαι
3193 5052 3292 5114 τὰς
3322 5052 3414 5106 τοῦ
3453 5053 3722 5116 σώζεσθαι
3756 5053 3984 5120 ἐλπίδας
4009 5071 4022 5086 ο

2458 5137 2580 5206 μηδ’
2634 5139 2985 5199 ἀλλάττεσθαι
3053 5143 3298 5196 δουλείαν
3371 5145 3602 5215 αἰσχρὰν
3662 5145 3756 5198 καὶ
3816 5148 4026 5218 ἀγεννῆ

2453 5232 2574 5283 ἀντὶ
2599 5231 2693 5284 τοῦ
2728 5235 3071 5304 μαχομένους
3103 5236 3364 5303 γενναίως
3408 5238 3791 5306 ἀποθνήσκειν.
3841 5241 4022 5294 Αὑτοῦ

2452 5323 2512 5375 δὲ
2566 5325 2857 5387 καλοῦντος
2924 5327 3018 5378 καὶ
3097 5327 3408 5389 κελεύοντος
3467 5328 3710 5398 θαρρεῖν,
3734 5331 3808 5392 ὡς
3866 5333 4024 5386 οὐδὲν

2455 5415 2862 5482 ὑπομενοῦντας
2893 5418 3136 5485 ἀγεννὲς,
3168 5418 3462 5488 προθύμως
3494 5421 3823 5492 ἐγχειρίσειν
3849 5427 4019 5492 σφᾶς,

2455 5505 2549 5559 καὶ
2584 5507 2896 5578 προσῄεσαν
2928 5510 3172 5572 ταύτίκα,
3203 5514 3296 5562 καὶ
3343 5514 3778 5584 περιϊστάμενοι,
3816 5532 4019 5584 προσε-

2452 5592 2646 5646 κύνουν
2666 5597 2760 5647 καὶ
2792 5595 3100 5663 ἠσπάζοντο
3130 5597 3256 5660 τοὺς
3283 5599 3449 5662 πόδας
3507 5602 3668 5669 μόνον
3697 5601 3914 5671 ἔχοντες
3959 5610 4019 5659 ἐν

2453 5683 2660 5755 μέσοις.
2707 5687 3098 5758 Διαλεγομένου
3131 5689 3186 5742 δὲ
3219 5690 3428 5743 ἐκείνου
3472 5697 3584 5754 τοῖς
3626 5695 3886 5762 Πέρσαις,
3921 5700 4018 5752 καὶ

2449 5775 2548 5847 τὴν
2583 5778 2976 5849 ἀγνωμοσύνην
3011 5781 3388 5848 ὀνειδίζοντος,
3417 5784 3632 5841 ὅτιτῶν
3665 5786 3837 5856 φίλων
3861 5787 4015 5853 ὄντες

4083 4435 4087 4531 1

4081 4559 4085 4669 |

4081 4689 4083 4807 l
