4110 6320
96 454 172 524 lii

1200 453 1475 518 IIISTOR
1490 449 1735 512 lARUM
1776 450 2007 511 LIBER
2049 452 2147 514 IV.

3216 455 3320 530 142

96 571 296 639 Ἐιιειτά
324 566 573 632 ἐλθόντες
606 567 699 622 ἐπὶ
725 567 898 640 πύλην
941 569 1041 639 τὴν
1086 569 1443 640 Ὀψικκιανὴν
1477 583 1639 638 προσ-

1748 570 1894 631 ptam
1925 566 2446 630 animadvertentcs,
2480 564 2713 635 primum
2742 567 2839 635 ad,
2864 566 3147 637 prmfuctos
3188 583 3313 623 cum

94 661 492 729 αγορευομένην,
546 658 757 730 ἑτέροις
810 659 1064 729 ἐνέτυχον
1117 658 1315 729 φύλαξι
1364 658 1669 725 πολίταις,

92 751 167 812 οὓς
183 751 422 804 ἐκέλευον
450 752 831 820 συμπράττειν
856 752 1031 821 σφίσι,
1071 752 1166 805 καὶ
1184 752 1637 826 καταρρηγνύναι

93 844 199 904 τοὺς
230 841 456 911 μοχλούς
481 859 496 874 ο
518 841 712 895 θᾶττον
746 843 802 895 δὲ
835 843 868 912 ἢ
917 842 1076 911 λόγος
1111 844 1308 897 ἐκεῖνοι
1334 845 1433 908 τὰς
1462 845 1640 914 πύλας

94 933 454 998 διανοίξαντες,
505 934 841 1003 είσεδέχοντο
884 934 1133 1004 βασιλέα.
1177 934 1350 1012 ’0.δὲ,
1384 937 1492 989 τῶν
1520 937 1641 1007 ἀρί-

94 1042 211 1077 στων
228 1024 439 1091 ὀλίγους
459 1026 597 1094 πρὸς
622 1027 739 1089 ταῖς
760 1025 959 1089 πύλαις
984 1026 1275 1096 κατασχὼν
1299 1044 1365 1079 πε
1376 1028 1427 1098 pl.
1454 1027 1636 1092 αὐτὸν,

94 1113 196 1174 τοὺς
222 1096 404 1176 ἄλλους
434 1113 583 1167 ἔνδον
609 1114 828 1169 ἐκέλευε
850 1117 1071 1184 χωρεῖν.
1100 1116 1195 1175 καὶ
1223 1096 1636 1185 συμπλέκεσθαι

92 1211 185 1268 τοῖς
213 1206 512 1275 πολεμίοις.
547 1207 687 1270 Τοὺς
720 1208 779 1260 δὲ
838 1210 932 1262 καὶ
978 1209 1130 1278 μόνοι
1165 1210 1371 1281 ἤρκουν
1397 1210 1640 1279 διαφθεί-

96 1316 192 1367 ρειν
218 1299 265 1356 Ol
299 1298 575 1370 ἐγχώριοι.
621 1300 708 1362 Ὠς
746 1300 856 1370 γὰρ
885 1300 1112 1368 ᾔσθοντο
1150 1287 1302 1367 ἔνδον
1328 1301 1457 1354 ὄντα
1487 1302 1641 1372 βασι-

92 1389 301 1460 λέαηὶῆς
348 1391 624 1461 εὐφημίας
676 1392 813 1445 πᾶσι
866 1391 1130 1462 ποιούσης
1168 1393 1351 1463 δῆλον,
1380 1395 1639 1450 ἐπέθεντο

92 1482 261 1535 αὐτίκα
284 1479 599 1549 Τριόαλοῖς,
660 1483 756 1537 καὶ
792 1484 860 1538 τά
902 1500 961 1537 τε
1017 1484 1150 1538 ὅντα
1186 1485 1513 1556 διήρπαζον,
1542 1487 1639 1541 καλ⁸

94 1574 473 1643 συνελάμϐανον
506 1576 561 1631 ιτ
600 1592 705 1629 που
748 1576 1097 1647 περιτύχοιεν
1124 1594 1252 1633 τινι.
1286 1580 1345 1632 Oi
1375 1579 1640 1649 Τριϐαλοὶ

90 1663 155 1725 δὲ,
181 1665 627 1737 ὲπεὶ’ῂσθάνοντο
652 1667 957 1721 ἑαλωκυῖαν
985 1668 1268 1740 Βέρῤοιαν,
1290 1670 1482 1741 πρῶτα
1539 1672 1638 1742 μὲν

89 1758 169 1810 ἐπὶ
186 1758 304 1821 τοὺς
325 1759 595 1829 ἄρχοντας
630 1759 888 1813 συνέθεον
918 1760 1257 1830 πανταχόθεν
1277 1762 1637 1834 ὡπλισμένοι,

89 1848 153 1911 ὡς
181 1849 210 1919 ἢ
236 1850 605 1922 ἀμυνούμενοι
633 1852 700 1905 ἂν
727 1852 912 1923 ὲξῇἀῆ
946 1852 1047 1916 τὰς
1074 1853 1213 1923 πρὸς
1238 1856 1304 1925 τῇ
1341 1856 1637 1925 ἀκροπόλει

89 1939 239 2005 milia;
260 1920 626 2010 διανοίξαντες
671 1920 1145 2015 ἀποδιδράσκοιεν.
1180 1920 1304 2001 Τῶν
1336 1920 1637 2019 βαρϐάρων
1668 1920 1715 1980 Β

86 2032 137 2085 δὲ
156 2034 525 2101 ἀλαλαξάντων
556 2035 756 2103 ἔξωθεν
790 2036 892 2106 τῆς
913 2038 1286 2109 ἀκροπόλεως,
1308 2040 1507 2095 αὐτίκα
1532 2044 1640 2096 πᾶ-

88 2141 174 2178 σαν
191 2125 370 2181 ἐλπίδα
397 2129 671 2198 σωτηρίας
687 2130 1044 2198 ἀπογνόντες,
1068 2131 1379 2195 τῶνῖππων
1405 2134 1640 2188 ἀποϐαί-

86 2234 263 2283 two-rrec,
290 2220 548 2289 είσῄεσαν
580 2222 662 2285 είς
695 2222 797 2292 τὴν
825 2221 1145 2293 ἀκρόπολιν,
1190 2227 1388 2289 παῖδας
1416 2226 1510 2280 καὶ
1538 2243 1638 2293 γυ-

86 2311 256 2375 ναῖκας
303 2312 543 2382 ἔχοντες,
574 2314 687 2366 τῶν
735 2314 793 2367 δὲ
846 2314 1020 2369 ἀλλων
1052 2315 1241 2370 οὐδένα
1299 2317 1458 2384 λόγον
1490 2320 1643 2373 ὲποι-

83 2400 238 2456 οὖντο.
266 2402 473 2457 Ὄντων
518 2404 575 2457 δὲ
609 2403 843 2470 πολλῶν,
870 2408 1169 2475 τριάκοντα
1204 2407 1313 2477 γὰρ
1343 2402 1486 2478 ἦσαν
1530 2409 1640 2463 τῶν

85 2496 403 2566 εὐπατριδῶν
438 2500 556 2568 ἅμα
593 2499 815 2567 γυναιξὶ
869 2500 965 2552 καὶ
1007 2499 1241 2565 τέκνοις,
1288 2503 1337 2555 οἳ
1371 2519 1640 2572 στρατιω-

86 2589 180 2640 τῶν
229 2590 425 2654 πάντες
480 2586 671 2662 ἦρχον,
700 2590 1036 2658 στρατιῶται
1062 2592 1121 2645 δὲ
1154 2597 1503 2648 πεντακόσιοι
1543 2597 1639 2649 καὶ

86 2680 247 2747 χίλιοι,
280 2682 401 2734 ἐπεὶ
435 2683 507 2735 τὰ
544 2684 644 2753 τῆς
682 2682 1039 2754 ἀκροπόλεως
1072 2682 1231 2753 τείχη
1282 2687 1378 2738 καὶ
1418 2688 1466 2739 oi
1497 2687 1661 2756 πύρο,

87 2785 160 2834 γοι
184 2764 314 2839 ἦσαν
339 2772 576 2838 ἀτελεῖς,
608 2775 657 2826 oi
690 2773 793 2840 μὲν
839 2773 1101 2844 ἄρχοντες
1133 2775 1249 2845 ἄμα
1277 2777 1493 2843 γυναιξὶ
1544 2778 1638 2831 καὶ

85 2863 273 2925 τέκνοις
313 2866 394 2928 εἰς
441 2864 538 2917 ἕνα
581 2864 691 2918 τῶν
737 2866 966 2939 πύργων
1005 2865 1174 2935 ὕψους
1217 2868 1417 2931 ἱκανῶς
1447 2870 1637 2939 ἔχοντα

89 2948 323 3023 είεῄεσαν
348 2970 363 2985 ·
393 2956 456 3008 τὸ
488 2956 534 3008 δ’
586 2956 715 3010 ἄλλο
767 2938 878 3011 τῶν
916 2959 1289 3028 ’στρατιωτῶν
1338 2938 1557 3029 πλῆθος,
1589 2964 1637 3014 οἱ

89 3044 174 3113 μὲν
218 3048 683 3117 συνελαμδάνοντο
712 3048 910 3101 αὐτίκα
935 3065 951 3081 ο
983 3050 1030 3101 oi
1055 3050 1113 3102 δὲ
1167 3050 1303 3119 πρὸς
1328 3053 1426 3114 τὰς
1457 3053 1636 3115 οἰκίας

84 3136 498 3206 κατεκρύπτοντο
535 3138 685 3207 παρὰ
718 3140 847 3201 τούς
881 3139 1091 3207 φίλους.
1143 3139 1207 3194 Οί
1253 3140 1527 3211 Γερμανοὶ
1576 3144 1633 3195 δὲ

82 3225 163 3295 τὴν
190 3227 378 3299 ἑτέραν
404 3226 551 3299 εἶχον
583 3230 881 3300 ἀκρόπολιν
909 3231 1031 3332 ξαν
1064 3232 1313 3295 ἑαυτοὺςι
1340 3236 1373 3305 ἢ
1404 3235 1538 3311 πρδς
1567 3240 1630 3307 τῇ
1667 3276 1703 3332 ε

85 3318 309 3391 βασιλικῇ
359 3320 673 3395 καλουμένῃ
726 3321 871 3395 πύλῃ
907 3318 989 3393 ἦν
1015 3338 1029 3353 ⁸
1075 3324 1204 3377 ἄλλο
1233 3325 1289 3379 δέ
1322 3343 1373 3379 τι
1426 3327 1634 3396 πλῆθος

82 3412 527 3482 ἀχθοφορούντων,
554 3414 628 3476 ὡς
656 3412 874 3481 ἐλέγετο
899 3414 1040 3484 ὑπὲρ
1068 3415 1299 3484 μυρίους
1327 3416 1409 3479 ὃν,
1438 3419 1500 3469 ὲκ
1527 3419 1629 3472 πά·

84 3520 167 3572 σης
194 3505 287 3574 τῆς
312 3504 417 3557 ὐπὸ
454 3505 678 3576 Κράλην
702 3504 808 3574 γῆς
838 3506 1079 3576 ἠγμένον
1108 3507 1201 3559 ἐπὶ
1225 3508 1322 3577 τὴν
1345 3508 1635 3581 οίκοδομὴν

83 3597 163 3663 τῆς
189 3597 558 3667 ἀκροπόλεως,
586 3597 690 3663 ἔξω
710 3597 1064 3669 αὐλιζόμενον
1086 3599 1307 3669 τειχῶν,
1332 3601 1405 3663 ὡς
1436 3601 1635 3670 ᾔσθετο

81 3690 189 3751 τοὺς
220 3688 551 3760 βαρϐάρους,
571 3689 652 3743 ἔτι
680 3690 853 3744 δοκῶν
884 3692 1137 3759 μεγάλων
1159 3696 1637 3762 προσερηρεισμέ-

83 3796 170 3833 νων
204 3785 315 3845 τοῖς
364 3782 627 3851 τείχεσιν.
658 3782 753 3835 ἐπὶ
792 3781 959 3834 λίθων
1010 3782 1106 3835 καὶ
1164 3782 1264 3849 τῆς
1305 3783 1471 3853 ἄλλης
1503 3783 1633 3853 ὕλης

84 3873 311 3943 tunam,
356 3874 424 3926 δι’
469 3872 653 3945 αὐτῶν
700 3874 1034 3944 είσρυέντες,
1088 3856 1431 3943 διεσώθησαν
1483 3878 1636 3940 ὲντδς

82 3968 160 4032 τῆς
186 3966 413 4030 πόλεως.
455 3966 515 4018 '0
550 3964 808 4037 βασιλεὺς
851 3966 909 4019 δὲ
962 3968 1086 4019 ἐπεὶ
1125 3967 1327 4037 ᾔσθετο
1359 3967 1459 4037 ἤδη
1492 3970 1634 4022 κατὰ

82 4060 254 4125 κράτος
284 4059 383 4130 τὴν
412 4058 575 4118 πόλιν
604 4057 894 4129 ἐχομένην,
926 4060 979 4126 τη
1017 4062 1116 4113 καὶ
1155 4060 1318 4121 αὐτὸς
1363 4061 1497 4128 πρὸς
1535 4060 1635 4130 τὴν

84 4148 371 4219 ἀκρόπολιν,
392 4150 811 4221 εὐφημούμενος
842 4149 946 4203 ὐπὸ
983 4149 1092 4203 τῶν
1123 4151 1355 4203 πολιτῶν
1385 4153 1475 4203 καὶ
1504 4171 1635 4222 προσ

86 4242 408 4312 πεμπόμενος
431 4259 444 4272 ·
475 4243 768 4313 γενόμενος
787 4242 844 4295 δὲ
866 4244 1005 4307 ἐκεῖ,
1039 4244 1218 4296 πάντα
1248 4244 1347 4311 μὲν
1377 4242 1633 4313 εὕρισκεν

84 4333 164 4387 ὑπό
187 4352 241 4387 τε
269 4334 367 4388 τοῦ
399 4335 578 4404 δήμου
626 4336 721 4389 καὶ
753 4334 853 4404 τῆς
906 4336 1167 4404 στρατιᾶς
1211 4335 1590 4407 διηρπασμένα
1616 4354 1631 4371 ο

84 4425 185 4487 τοὺς
230 4426 544 4497 βαρϐάρους
596 4426 654 4479 δὲ
702 4425 927 4495 πέμψας
958 4426 1223 4491 ἐκώλυσε,
1264 4426 1337 4495 μὴ
1370 4426 1635 4480 εἰσελθεῖν

82 4514 204 4581 tm;
225 4520 323 4589 τῆς
342 4520 578 4583 πόλεως,
602 4519 690 4572 ἵνα
722 4521 795 4589 μή
828 4529 879 4572 τι
910 4518 999 4571 ὑπ’
1027 4518 1207 4571 αὐτῶν
1244 4518 1629 4589 κακουργηθῇ,

1747 654 1916 708 armis
1959 655 2197 724 undique
2220 665 2642 723 concurrerunt,
2692 668 2751 712 ut
2784 674 2877 713 eos
2929 660 3311 723 defenderent.

1747 744 1790 801 si
1823 756 2067 813 possent,
2102 748 2387 816 autpartis
2436 750 2580 818 apud
2629 765 2809 804 arcem
2849 753 3051 820 apertis
3084 754 3316 819 aufuge-

1746 844 1891 891 rent.
1924 836 2179 891 Barbaris
2211 846 2389 891 autem
2436 846 2587 893 extra
2630 855 2812 894 arcem
2878 842 3059 896 laatum
3113 843 3322 897 vocife-

1745 926 2012 993 rantibus,
2044 929 2227 982 statim
2261 929 2438 983 salute
2464 928 2712 984 funditus
2732 932 3043 1000 desperata,
3073 934 3142 986 ab
3167 936 3322 1001 equis

1746 1015 2166 1083 descendentes,
2234 1034 2356 1072 eum
2419 1018 2607 1073 liberis
2656 1029 2712 1073 et
2776 1023 3057 1085 uxoribus,
3109 1023 3323 1075 caeteris

1748 1108 2032 1177 neglectis,
2064 1109 2115 1162 in
2141 1125 2323 1164 arcem
2357 1109 2747 1182 confugerunt.
2783 1112 2919 1167 Cum
2958 1130 3125 1184 porro
3164 1114 3324 1168 tnulti

1744 1207 1930 1253 essent
1962 1198 2207 1268 prmfeeti
2259 1200 2494 1255 militum
2557 1203 2801 1274 (triginta
2852 1204 3107 1257 videlicet
3168 1206 3324 1257 nubi-

1748 1286 1844 1355 les,
1894 1291 2160 1345 habentes
2201 1308 2398 1347 uxores
2469 1308 2535 1347 ae
2585 1294 2810 1358 liberos,
2880 1296 3081 1350 milites
3138 1306 3320 1352 autem

1746 1370 1895 1436 inille
1918 1383 2250 1453 quingenti),
2278 1385 2541 1453 quoniam
2560 1386 2703 1440 arcis
2734 1388 2876 1440 muti
2901 1394 2953 1440 et
2985 1396 3162 1442 turres
3189 1405 3325 1445 non-

1746 1474 1877 1528 dum
1932 1470 2232 1531 extremam
2266 1493 2485 1533 manum
2530 1491 2881 1550 acceperant,
2922 1482 3163 1551 prmfl-cti
3199 1498 3320 1538 cum

1746 1566 2078 1637 coniugibus
2141 1580 2191 1624 et
2235 1570 2356 1625 ﬁliis
2389 1571 2439 1624 in
2475 1587 2639 1627 unam
2675 1576 2867 1628 turritn
2899 1579 3033 1630 satis
3062 1580 3225 1630 altam
3267 1594 3325 1631 se

1746 1658 2075 1713 abdiderunt
2105 1677 2119 1725 ;
2152 1661 2216 1715 de
2244 1662 2509 1718 militibus
2531 1665 2620 1718 alii
2643 1666 2861 1734 quidem
2907 1684 3029 1722 mox
3078 1684 3329 1739 eomprc»

1747 1749 2151 1818 hendebantur,
2184 1754 2276 1808 alii
2310 1755 2363 1809 in
2397 1757 2605 1812 aedibus
2630 1758 2697 1812 ab
2749 1762 2941 1815 amicis
2975 1764 3326 1816 occultaban-

1748 1850 1857 1897 tur.
1892 1843 2156 1900 Germani
2187 1847 2419 1902 alteram
2453 1864 2660 1918 arcem,
2687 1868 2808 1920 qua
2858 1856 2923 1905 ad
2978 1866 3185 1922 portam
3237 1872 3322 1907 rc-

1744 1936 1885 2007 giam
1924 1946 2063 2004 erat,
2111 1940 2212 1993 soli
2268 1941 2608 1996 tuebantur:
2652 1944 2754 1997 alia
2808 1934 3120 2009 multitudo,
3188 1964 3323 2016 ope-

1744 2028 2034 2093 rariorum,
2067 2038 2125 2083 ut
2164 2030 2467 2098 ferebatur,
2504 2034 2626 2102 plus
2653 2036 2839 2089 decem
2871 2038 3058 2098 millia,
3090 2054 3153 2092 ex
3207 2049 3322 2093 tota

1742 2118 1916 2175 Cralis
1947 2123 2229 2191 provincia
2281 2125 2348 2178 ad
2400 2125 2544 2179 arcis
2598 2126 3020 2183 aediﬁcationem
3073 2131 3323 2197 collecta,

1744 2220 1895 2267 extra
1954 2230 2139 2269 muros
2172 2230 2421 2279 manens,
2477 2217 2566 2271 ubi
2620 2218 2884 2273 barbaros
2928 2222 3120 2285 sensit,
3160 2223 3325 2277 ctiam

1744 2316 1856 2360 tum
1900 2308 2145 2363 trabibus
2185 2309 2401 2379 magnis
2429 2309 2495 2363 ad
2529 2325 2717 2364 muros
2748 2312 3023 2381 applicitis
3085 2315 3325 2384 (lapidi-

1743 2399 1847 2453 bus
1882 2400 2213 2469 reliquaeque
2246 2401 2489 2455 materia:
2514 2415 2734 2456 sursum
2767 2403 3103 2459 attrahenda:
3136 2406 3328 2461 videli-

1750 2500 1879 2557 cet),
1915 2506 2012 2559 per
2064 2506 2158 2545 eas
2215 2493 2270 2545 in
2326 2492 2520 2547 urbem
2551 2491 2880 2548 scandentes
2926 2496 3127 2549 servati
3172 2507 3321 2552 sunt.

1742 2579 1914 2644 Quam
1957 2592 2015 2635 ut
2046 2581 2162 2650 jam
2200 2584 2253 2635 vi
2315 2598 2380 2637 ac
2419 2584 2628 2638 virtute
2693 2594 3012 2655 occupatam
3067 2590 3324 2658 cognovit

1744 2671 2060 2739 imperator,
2127 2681 2182 2725 et
2216 2675 2331 2742 ipse
2360 2674 2427 2735 ad
2460 2689 2643 2730 arcem
2674 2675 3016 2731 acclamante
3050 2692 3113 2739 ac
3150 2678 3325 2733 dedu-

1742 2773 1899 2818 ccnte
1926 2765 2125 2833 populo
2148 2764 2452 2833 profectus,
2486 2766 2561 2820 ibi
2602 2767 2789 2821 omnia
2834 2777 2890 2823 et
2922 2782 2952 2822 a
3004 2768 3159 2839 plebe
3204 2778 3261 2825 et
3292 2784 3324 2824 a

1742 2854 2006 2909 militibus
2032 2856 2240 2924 direpta
2296 2858 2555 2923 invenit;
2616 2857 2899 2928 misitque,
2931 2868 2999 2921 et
3060 2859 3325 2915 barbaros

1743 2947 1892 3000 urbis
1924 2948 2170 3017 ingressu
2202 2949 2507 3017 prohibuit,
2550 2950 2773 3019 nequid
2810 2950 2882 3019 ei,
2926 2960 2985 3005 ut
3022 2952 3165 3006 bello
3195 2968 3325 3023 cap-

1744 3040 1811 3093 tis
1840 3040 1999 3102 solet,
2030 3051 2337 3095 noceretur.
2374 3042 2580 3097 Deinde
2612 3041 2904 3109 Triballos,
2940 3045 3033 3115 qui
3073 3045 3242 3119 774.
3262 3063 3324 3103 se

1744 3130 2024 3205 in'turrim
2063 3131 2445 3197 condiderant,
2492 3135 2645 3189 exire
2673 3135 2859 3202 jussit,
2884 3136 3020 3190 data
3059 3138 3165 3193 fide
3213 3155 3322 3208 pu-

1745 3222 1901 3283 ltlfea,
1932 3222 2066 3275 nihil
2099 3224 2223 3276 tnali
2267 3240 2646 3294 perpessuros.
2666 3226 2770 3291 Qui
2805 3228 3054 3297 protinus
3089 3232 3321 3301 egressi,

1740 3326 1933 3363 omnes
1962 3326 2083 3363 eum
2118 3312 2459 3379 adorarunt;
2487 3324 2649 3369 erant
2688 3316 2961 3385 siquidem
2994 3321 3156 3376 amici
3202 3337 3323 3377 om-

1740 3418 1856 3455 nes.
1890 3404 1957 3455 At
1984 3403 2240 3459 Germani
2266 3407 2488 3475 populo,
2513 3417 2580 3461 νει
2623 3410 2718 3478 qui
2743 3424 2809 3463 ex
2850 3410 3167 3469 triremibus
3223 3431 3317 3471 ve-

1741 3505 1951 3560 nerant,
1975 3498 2343 3565 cataphractis
2377 3499 2737 3565 resistebant,
2772 3503 2955 3573 quoad
3021 3505 3323 3576 imperator

1739 3590 2006 3653 accessit;
2067 3598 2179 3644 tum
2249 3592 2395 3644 enim
2458 3592 2751 3648 confestim
2802 3610 2931 3651 arce
2983 3596 3199 3654 deserta
3259 3616 3319 3657 se

1736 3677 2089 3733 dediderunt.
2130 3682 2306 3748 Atque
2362 3682 2415 3735 hi
2472 3682 2574 3751 ipsi
2619 3683 2695 3736 illi
2744 3694 2927 3751 erant,
2955 3702 3095 3757 quos
3121 3689 3172 3743 ei
3208 3690 3321 3759 pri-

1740 3784 1884 3821 mum
1917 3770 2233 3824 Berrhozam
2268 3774 2474 3843 petenti
2544 3774 2733 3829 Crales
2765 3776 2945 3831 socios
2970 3778 3317 3848 adjunxerat;

1737 3859 1936 3928 quibus
2000 3872 2129 3914 tunc
2171 3862 2469 3931 imperator
2531 3880 2756 3937 magnas
2810 3866 2880 3923 de
2932 3869 3319 3929 benevolentia

1738 3952 1937 4021 gratias
1964 3952 2092 4023 egit.
2124 3952 2242 4007 Non
2274 3956 2420 4009 enim
2453 3956 2705 4025 quamvis
2736 3958 2790 4013 id
2832 3958 3021 4013 Crales
3053 3963 3311 4019 mandas-

1739 4051 1841 4103 set,
1895 4042 2297 4099 Thessalonicae
2343 4046 2397 4099 in
2471 4048 2669 4100 castris
2711 4048 2892 4118 ipsum
2923 4049 3311 4121 deseruerant,

1737 4134 1831 4186 sed
1893 4148 1990 4201 per
2041 4136 2218 4189 media
2278 4137 2561 4207 multaque
2605 4138 2923 4194 discrimina
2956 4155 3130 4212 usque
3186 4143 3318 4199 Ber-

1740 4223 1945 4278 rhceam
1974 4227 2171 4294 cupide
2205 4228 2377 4281 secuti
2414 4227 2650 4282 fuerant.
2686 4228 2806 4294 Qua
2825 4230 2892 4285 de
2928 4246 3095 4286 causa
3140 4233 3315 4304 impe-

1738 4324 1888 4368 rator
1950 4318 2049 4370 etsi
2097 4318 2344 4387 captivos
2376 4319 2606 4388 benigne
2632 4329 2687 4374 et
2719 4321 3034 4376 humaniter
3090 4337 3187 4377 eos
3220 4325 3318 4380 ha-

1738 4410 1855 4463 buit
1886 4419 1937 4463 et
1972 4427 2094 4465 cum
2124 4412 2283 4479 equis
2322 4421 2489 4481 atque
2520 4414 2686 4467 etiam
2731 4429 2854 4468 cum
2892 4416 3080 4478 armis,
3108 4415 3314 4473 donato

1739 4503 1956 4566 viatico,
1988 4504 2053 4557 ad
2084 4503 2297 4557 Cralem
2333 4504 2558 4558 dimisit.
2595 4504 2836 4560 Caeteros
2865 4507 3069 4563 milites
3119 4525 3312 4565 omnes

80 4604 139 4669 ὡς
184 4611 403 4681 πολέμῳ
450 4611 553 4679 τῆς
594 4610 802 4672 πόλεως
856 4609 1184 4667 ἑαλωκυίας.
1239 4610 1471 4661 Ἔπειτα
1526 4613 1637 4672 τοῖς

1742 4597 1891 4649 ex'tra
1943 4596 2162 4665 triginta
2218 4598 2524 4666 pra-factos.
2586 4609 2877 4655 contentos
2945 4600 3310 4667 indumentis,

60 4723 79 4995 ι

66 4995 75 5087 l

68 5087 77 5177 l

88 5177 131 5208 ὒν

90 5250 131 5299 εἰ

70 5177 131 5548 ὲ

115 5519 131 5548 r

78 5548 129 5635 [ἶ

80 5635 137 6010 ἑ

82 4698 360 4768 Τριϐαλοίς,
378 4706 492 4767 τοῖς
523 4707 580 4756 ἐν
608 4702 686 4772 τῷ
706 4702 901 4772 πύργῳ
929 4701 1419 4767 ὲκέλευενὲξιέναι,
1451 4701 1631 4765 δεξιὰν

82 4791 247 4862 διδοὺς,
275 4797 352 4859 ὡς
391 4797 547 4849 οὐδὲν
581 4795 708 4866 παρ’
747 4795 913 4849 αὐτοῦ
950 4794 1228 4846 πείσονται
1266 4794 1459 4846 δεινόν.
1492 4794 1555 4845 O't
1586 4794 1630 4845 δ’

84 4887 247 4941 αὐτίκα
279 4890 522 4957 ἐξιόντες
558 4889 929 4958 προσεκύνουν
956 4904 973 4920 ⁸
1012 4888 1211 4949 πάντες
1248 4890 1358 4955 γὰρ
1388 4888 1495 4937 τῶν
1540 4884 1630 4953 φί-

85 4972 166 5028 λων
210 4976 368 5049 ἦσαν.
411 4979 696 5049 Τερμανοὶ
750 4978 806 5031 δὲ
858 4980 1105 5046 ἀντεῖχον
1141 4976 1278 5044 πρὸς
1334 4976 1423 5027 τὸν
1462 4976 1630 5043 δῆμον

87 5070 158 5121 nl
174 5072 284 5136 τοὺς
306 5076 374 5125 ὲκ
395 5072 507 5123 τῶν
528 5072 803 5141 τριήρεων
830 5071 1053 5132 ὁπλίτας
1075 5069 1447 5139 μαχομένους,
1475 5068 1630 5137 ἄχρις

88 5154 131 5208 οἱ
155 5163 393 5225 βασιλεὺς
422 5162 641 5227 ἐγένετο
663 5160 756 5212 καὶ
783 5160 919 5229 πώς
948 5158 1144 5221 αὐτούς
1174 5176 1186 5190 ο
1218 5159 1416 5228 αὐτίκα
1447 5158 1501 5209 δὲ
1535 5157 1629 5208 καὶ

90 5250 207 5303 αὐτοὶ
226 5252 545 5315 ἐκλιπόντες
567 5252 665 5321 τὴν
694 5251 989 5322 ἀκρόπολιν
1016 5248 1426 5319 προσεχώρουν.
1448 5246 1633 5300 Ἶισαν

112 5340 346 5410 ἰὲκεῖνοι,
380 5344 435 5398 οἴ
487 5345 625 5414 μετὰ
660 5345 948 5414 βασιλέως,
984 5345 1071 5395 ὅτε
1114 5344 1247 5412 πρὸς
1285 5344 1548 5412 Βέρροιαν
1571 5342 1632 5392 τὸ

125 5436 259 5499 ριὲιτον
281 5434 385 5510 ἧκε
415 5435 615 5505 Κράλη
646 5438 1075 5505 προστάττοντος
1116 5433 1629 5503 συνεστρατεύοντο,

134 5545 149 5587 ς
180 5531 201 5581 ὁ
233 5530 495 5599 βασιλεὺς
545 5530 791 5596 μεγάλας
819 5529 936 5599 ᾔδει
969 5528 1196 5598 χάριτας
1231 5528 1328 5595 τῆς
1364 5528 1442 5589 εἰς
1470 5526 1633 5577 αὐτὸν

118 5618 258 5684 ivgis;
289 5625 416 5676 τότε
441 5638 457 5654 ⁸
495 5623 557 5673 οὐ
594 5621 703 5691 γὰρ
738 5620 1063 5691 ὑπέμειναν,
1098 5620 1277 5699 καίτοι
1308 5619 1413 5670 ὐπὸ
1441 5618 1631 5687 Κράλη

126 5710 420 5783 ῖὶευόμενοι,
455 5713 710 5766 ἐκλιπεῖν
740 5712 903 5765 αὐτὸν
952 5713 1009 5764 ὲν
1056 5710 1428 5781 Θεσσαλονίκῃ
1472 5726 1634 5776 στρα-

144 5806 355 5873 ηεέμενον,
393 5806 541 5861 ἀλλὰ
577 5804 756 5859 καίτοι
814 5804 1028 5858 πολλῶν
1051 5802 1315 5856 κινδύνων
1345 5803 1633 5871 περισχόν-

134 5918 189 5958 :n,
217 5900 355 5968 ὅμως
410 5901 544 5971 ἄχρι
580 5897 846 5968 Βερῤοίας
876 5895 1095 5949 εἵποντο
1138 5895 1455 5966 προθύμως.
1493 5895 1567 5946 Δι’
1599 5892 1633 5946 ἃ

1738 4689 1969 4756 pedibus
1999 4689 2149 4743 abire
2203 4690 2422 4743 domum
2500 4691 2885 4763 voluit;rcqui
2954 4710 3194 4767 namque
3241 4698 3312 4752 ab

1736 4779 1981 4832 exercitu
2014 4779 2210 4847 direpti
2238 4789 2435 4844 erant;
2478 4782 2741 4851 reliquam
2782 4785 3099 4851 colluviem,
3153 4788 3315 4862 baju-

1736 4870 1911 4925 lorum
1969 4873 2226 4924 nimirum
2302 4888 2365 4925 ac
2426 4873 2725 4939 fossorum,
2788 4876 3001 4946 longius
3035 4879 3103 4933 ab
3151 4880 3307 4944 urbe,

1731 4962 1883 5030 jussu
1914 4963 2260 5028 imperatoris
2292 4964 2607 5027 abductam,
2645 4982 2713 5021 ne
2744 4982 2774 5019 a
2810 4967 3057 5022 barbaris
3102 4971 3307 5039 spolia-

1738 5062 1946 5115 rentnr,
2017 5054 2214 5106 milites
2252 5055 2609 5107 dimiserunt.
2668 5056 2805 5109 Cum
2871 5066 3053 5110 autem
3106 5069 3161 5111 et
3211 5060 3312 5111 tri-

1735 5146 1883 5211 ginta
1915 5144 2035 5197 illos
2072 5145 2371 5199 honorifice
2398 5146 2560 5199 vellet
2611 5146 2913 5211 dimittere,
2968 5162 3027 5199 se
3082 5149 3307 5202 retineri

1738 5246 2087 5305 rogaverunt,
2117 5254 2182 5289 tte
2201 5239 2342 5305 apud
2374 5239 2617 5303 ipsorum
2645 5238 2946 5307 principem
2973 5254 3069 5305 per
3091 5240 3307 5293 calum-

1738 5329 1881 5381 niam
1932 5338 2341 5392 aceusarentur,
2405 5344 2634 5398 seseque
2691 5330 2938 5382 volentes
2995 5344 3119 5383 cum
3173 5331 3309 5385 urbe

1740 5420 2028 5473 tradidisse
2069 5420 2407 5473 viderentur.
2458 5419 2625 5473 Paulo
2662 5430 2785 5489 post
2817 5421 2904 5474 alii
2949 5422 3165 5489 quidem
3208 5423 3309 5478 do.

1739 5528 1855 5565 mos
1908 5529 2035 5567 suas
2084 5513 2433 5575 imperatoris
2468 5514 2733 5579 permissu
2785 5522 3097 5581 petiverunt
3142 5514 3307 5577 ;aliis

1740 5607 1861 5676 fuga
1892 5607 2133 5676 placuit;
2163 5607 2408 5659 nonnulli
2458 5605 2901 5659 Thessalonicam
2950 5606 3125 5668 ducti,
3184 5607 3309 5660 inde

1738 5701 2055 5771 fugiebant;
2096 5715 2199 5752 ncc
2242 5700 2387 5752 enim
2428 5700 2480 5751 in
2529 5698 2855 5751 carceribus
2901 5697 3309 5751 concludeban-

1742 5803 1849 5858 tur,
1878 5794 1970 5847 sed
2006 5794 2058 5847 in
2093 5791 2441 5845 monasteriis
2479 5792 2597 5843 sine
2650 5790 2882 5843 vintulis
2921 5788 3307 5842 custodieban-

1744 5900 1849 5943 tur.
1894 5888 2045 5943 Talia
2104 5886 2243 5957 aputl
2298 5888 2613 5941 Berrhmatn
2671 5884 3001 5945 acciderunt,
3049 5880 3311 5948 .feliciore
