4110 6320
582 266 757 341 ⁷⁷155

1830 281 2159 347 JOANNIS
2198 290 2735 354 (LANTACUZENI

3828 299 3938 366 156

650 404 775 443 cum
808 397 975 457 atque
1003 388 1216 443 socium
1255 391 1734 461 nanciscerentur,
1781 405 1832 450 et
1865 413 2029 450 unam
2067 400 2241 454 solam

2359 403 2525 456 Ξλλων
2560 407 2785 474 μᾶλλον,
2841 406 2915 469 ὡς
2954 407 3282 478 πολεμηθεὶς
3318 410 3577 466 ὐπὸ-τῶν
3619 414 3941 484 ὁμοφύλων,

650 496 754 551 pro
794 479 881 535 his
914 482 1176 537 omnibus
1230 474 1464 553 gratiam
1508 477 1775 556 peterent
1811 500 1869 543 ut
1902 501 1954 545 te
1992 492 2241 546 vinctum

653 565 759 617 illis
792 565 1164 630 transderem,
1231 576 1327 621 aut
1367 568 1485 638 ipse
1538 573 1904 627 constrictum
1960 586 2243 644 tenerem,

652 651 828 705 nihilo
855 653 1287 710 minusimmani
1318 658 1592 727 pecuniae.
1621 668 1678 715 et
1714 670 1794 716 tot
1827 665 2071 733 oppidis,
2106 674 2246 719 tam-

568 744 569 747 “
651 758 759 812 que
794 746 1013 814 amplae,
1056 755 1112 801 et
1148 750 1311 802 cultae
1344 750 1555 820 regioni
1590 755 2061 810 necessitudinem
2100 768 2246 813 tuam

653 834 944 901 antcposui
981 851 994 887 :
1033 850 1138 889 nec
1175 845 1387 890 tantum
1438 839 1587 907 quod
1634 839 1900 896 facillime
1950 855 2199 912 poteram
2232 886 2247 909 ,

652 922 908 978 hostibus
959 940 1069 981 non
1121 929 1342 997 prodidi
1402 929 1574 998 (haud
1628 934 1775 986 enim
1842 934 1941 988 tibi
1990 936 2251 990 memoria

652 1014 860 1069 excidit
892 1016 991 1079 ille
1020 1024 1198 1073 status
1233 1021 1410 1090 tuus),
1449 1023 1613 1093 732
1649 1023 1745 1078 sed
1773 1024 1961 1090 etiam,
1998 1027 2142 1096 quod
2196 1028 2250 1082 in

654 1121 743 1160 me
772 1105 917 1174 fuit,
977 1110 1101 1177 bis,
1160 1121 1354 1182 terque
1393 1116 1601 1170 auxilia
1656 1131 1778 1171 mea
1842 1118 1940 1171 tibi
2002 1119 2248 1189 adjunxi.

656 1199 901 1264 Quorum
938 1203 1186 1258 omnium
1214 1205 1602 1261 existimabam
1635 1216 1687 1261 te
1740 1217 2007 1278 perpetuo
2045 1226 2254 1265 inemo.

656 1307 798 1359 rem,
844 1308 1129 1364 nunquam
1159 1310 1228 1352 eo
1254 1312 1675 1367 progressurum
1700 1340 1713 1364 ,
1753 1310 1813 1356 ut
1860 1306 2113 1371 quamvis
2138 1322 2238 1375 po-

658 1388 805 1446 tcns,
836 1382 1005 1437 urbes
1036 1398 1189 1442 meas
1218 1384 1513 1455 amigeres.
1547 1386 1628 1441 Tu
1656 1398 1866 1453 autem,
1899 1392 2043 1458 quod
2079 1408 2252 1462 appa-

657 1483 765 1538 ret,
815 1489 1009 1528 eorum
1032 1478 1282 1531 omnium
1316 1479 1496 1548 posita
1531 1482 1797 1536 memoria
1823 1523 1838 1547 ,
1884 1499 2030 1537 nunc
2055 1485 2255 1540 barba-

661 1576 753 1615 ros
779 1563 831 1617 in
868 1578 978 1629 me,
1020 1574 1079 1620 ut
1112 1566 1167 1620 in
1198 1567 1413 1621 hostem
1448 1568 1938 1637 injuriosissimum
1980 1572 2158 1630 ducis.
2187 1575 2256 1631 Et

666 1653 890 1707 urbium
928 1654 1153 1724 quidem
1201 1656 1342 1712 alias
1391 1657 1562 1712 armis
1620 1659 1854 1727 cepisti,
1886 1660 2019 1717 alias
2046 1662 2173 1716 dolo
2199 1674 2254 1719 et

660 1741 902 1807 insidiis,
936 1742 1253 1813 aliquantas
1278 1744 1449 1799 etiam
1493 1752 1647 1799 metu
1684 1745 1979 1814 subegisti.
2012 1747 2253 1803 Militum
2288 1745 2328 1799 Β

664 1850 803 1891 vero
826 1837 1342 1907 praesidiariorum,
1370 1838 1466 1908 qui
1498 1839 1551 1893 in
1581 1854 1802 1908 quaque
1844 1842 2047 1910 reperti
2088 1852 2215 1897 sunt
2240 1885 2254 1909 ,

662 1933 831 1992 atque
868 1924 1141 1979 nobilium
1175 1925 1499 1990 multorum,
1526 1927 1729 1994 partim
1763 1942 1944 1996 pugna
1980 1928 2255 1996 occidisti,

661 2011 862 2082 partim
910 2012 967 2067 in
1000 2014 1330 2068 servitutem
1390 2014 1656 2082 redegisti
1681 2056 1695 2079 ,
1732 2026 1788 2071 et
1832 2013 2145 2071 libertatem
2175 2021 2257 2075 eis

664 2111 991 2168 corporum,
1024 2099 1250 2169 quando
1293 2100 1395 2155 tibi
1426 2101 1611 2166 libuit,
1646 2101 1973 2171 praebuisti,
2007 2119 2114 2158 non
2145 2119 2259 2158 ma-

664 2174 745 2257 gis
771 2189 1200 2244 manumissione
1222 2205 1316 2244 eos
1332 2191 1665 2257 exhilarans,
1702 2210 1865 2263 quam
1901 2194 2031 2248 dum
2068 2210 2258 2250 servos

666 2277 899 2343 faceres,
929 2280 1361 2335 contristaveras
1397 2299 1412 2336 :
1448 2283 1594 2351 quod
1620 2301 1726 2338 non
1762 2285 1831 2339 ita
1864 2287 2253 2355 ipsisjucunda

664 2375 812 2423 esset
850 2378 975 2438 post
1005 2371 1329 2425 servitutem
1360 2371 1615 2440 libertas,
1656 2391 1819 2444 quam
1863 2378 2038 2432 tristis
2076 2379 2257 2433 fuerat

576 2506 581 2511 .
665 2458 909 2515 libertati
962 2461 1216 2530 imposita
1261 2463 1522 2519 servitus.
1560 2466 1854 2521 Pecuniam
1882 2485 2101 2538 quoque
2129 2470 2253 2523 inli-

666 2551 838 2603 nitam
926 2560 981 2605 et
1038 2568 1240 2622 pecora
1300 2555 1727 2612 innumerabilia
1776 2559 2069 2613 abstulisti.
2127 2561 2257 2627 Quae

666 2641 851 2695 omnia
890 2646 978 2697 me
1032 2646 1376 2709 excruciant,
1423 2646 1748 2718 faciuntque
1798 2658 1856 2702 ut
1901 2651 2257 2705 vehementer

668 2729 946 2799 ingratum
979 2742 1031 2787 te
1057 2743 1113 2788 et
1150 2735 1397 2804 iniquum
1419 2736 1687 2807 judieem.
1721 2737 1920 2794 Verum
1951 2742 2253 2809 enimvero,

670 2824 884 2878 tametsi
942 2824 1039 2878 abs
1083 2833 1135 2880 te
1172 2826 1336 2880 laesus
1373 2827 1574 2891 toties,
1624 2843 1736 2883 non
1770 2832 1941 2885 hostis
1990 2831 2129 2895 tibi,
2162 2833 2256 2887 sed

667 2914 882 2969 amicus
907 2924 964 2970 et
984 2918 1168 2971 socius
1190 2934 1312 2973 esse
1334 2920 1481 2984 volo,
1520 2919 1752 2988 perinde
1800 2933 1858 2975 ut
1896 2923 2133 2977 antehac
2162 2941 2176 2977 :
2204 2935 2258 2978 et

668 3004 884 3070 hortor,
938 3017 997 3060 ut
1043 3007 1275 3077 abjectis
1318 3009 1440 3063 istis
1481 3010 1911 3079 cogitationibus
1954 3012 2258 3068 humilibus

2353 496 2446 548 καὶ
2496 497 2597 564 τῆς
2636 498 2923 568 Ῥωμαίων
2962 501 3062 568 γῆς
3115 501 3408 566 ἀπελαθεὶς
3457 505 3683 573 (ἀδίκως
3713 506 3839 575 μὲν,
3873 508 3941 559 οὐ

2350 586 2459 654 γὰρ
2489 587 2555 639 ἂν
2574 590 2869 660 ἀρνηθείην
2890 591 3000 644 οὐδ’
3025 593 3213 659 αὐτὸς,
3238 596 3386 664 ὅμως
3413 597 3459 648 δ’
3478 594 3573 651 οὖν
3593 598 3943 671 ἀπελαθεὶς),

2351 674 2483 748 ἧκες
2515 681 2646 749 παρ’
2677 683 2843 751 ἡμᾶς,
2881 682 2994 734 οὔτ’
3020 685 3257 753 ἀμοιϐάς
3285 704 3368 740 σοι
3400 690 3686 759 προτέρων
3713 691 3943 762 εὐεργε-

2354 771 2487 823 σιῶν
2516 771 2855 839 ὀφείλοντας,
2882 772 2994 826 οὔτ’
3031 777 3477 843 ἀγανακτοῦντας
3520 782 3660 855 ὑπὲρ
3690 784 3782 835 σοῦ
3820 784 3944 836 ἀδι-

2352 866 2644 936 κουμένου,
2693 868 2810 923 ἀλλ’
2841 870 2889 921 εί
2909 870 2990 924 δεῖ
3017 872 3258 941 τάληθὲς
3289 876 3485 935 εἰπεῖν.
3521 878 3613 929 καὶ
3646 879 3747 947 τὴν
3776 878 3944 946 ὑμῶν

2355 959 2494 1027 πρὸς
2516 959 3083 1033 ἀλλήλους-διαφορὰν
3116 968 3175 1017 ὲν
3219 964 3475 1036 εὐτυχίας
3514 968 3673 1036 μέρει
3718 968 3943 1035 λογιζο-

2356 1050 2552 1118 μένους
2577 1051 2653 1120 τῷ
2676 1053 2746 1104 τά
2782 1054 2888 1105 ἴδια
2924 1054 2986 1107 εὖ
3014 1045 3281 1111 τίθεσθ’ἀὶ.
3359 1059 3500 1125 Ἐγὼ
3529 1059 3584 1111 δὲ
3616 1060 3794 1113 καίτοι
3826 1060 3943 1112 τῶν

2357 1144 2441 1194 σοὶ
2490 1144 2877 1212 πολεμούντων
2921 1148 3119 1211 πολλὰς
3167 1150 3465 1219 πρεσϐείας
3522 1152 3940 1220 πεποιημένων,

2356 1234 2450 1286 καὶ
2477 1238 2734 1305 χρήματα
2778 1239 3196 1307 παρεχομένων,
3228 1243 3320 1294 καὶ
3352 1242 3539 1305 πόλεις
3583 1242 3805 1311 πολλὰς,
3843 1244 3944 1296 καὶ

2354 1328 2455 1395 τῆς
2523 1329 2811 1398 Ῥωμαίων
2873 1332 3171 1401 ἡγεμονίας
3230 1335 3542 1405 ἀπόμοιραν
3593 1337 3946 1404 προϊεμένων

2355 1422 2454 1473 οὐκ
2499 1421 2708 1490 ὀλίγην,
2768 1423 2863 1476 καὶ
2935 1424 3089 1493 φίλον
3134 1426 3300 1496 ἔχειν,
3348 1427 3441 1479 καὶ
3488 1427 3777 1496 σύμμαχον
3830 1428 3947 1480 ὑπ-

2359 1516 2746 1584 ισχνουμένων,
2770 1519 2862 1570 καὶ
2902 1518 3034 1587 μίαν
3068 1518 3270 1571 τοστων
3298 1519 3557 1573 ἀπάντων
3586 1519 3746 1589 χάριν
3770 1518 3946 1572 ἀπαι-

2355 1607 2598 1660 τούντων
2626 1609 2687 1660 τὸ
2725 1610 3118 1680 σὲλδεσμώτην
3160 1614 3486 1681 παρασχεῖν,
3520 1611 3552 1682 ἢ
3590 1611 3752 1664 αὐτὸν
3777 1612 3946 1663 κατέ-ν

2362 1718 2481 1771 χειν
2516 1700 2874 1765 συλλαϐόντα,
2924 1704 3023 1757 οὑκ
3083 1704 3329 1774 ἠθέλησα
3392 1705 3595 1783 αὑτός·
3639 1703 3777 1758 ἀλλὰ
3824 1702 3947 1755 ’καὶ

2360 1794 2665 1864 χρημάτων
2694 1794 2925 1859 πολλῶν,
2953 1795 3048 1849 καὶ
3077 1795 3288 1849 πόλεων
3314 1794 3606 1857 τοσούτων,
3634 1794 3730 1848 καὶ
3752 1794 3945 1863 χώρας

2361 1884 2562 1955 πολλῆς
2629 1887 2723 1938 καὶ
2758 1887 2993 1956 ἀγαθῆς,
3043 1865 3140 1957 τῆν
3191 1887 3291 1957 σὴν
3332 1886 3530 1955 φιλίαν
3580 1885 3946 1955 προειλόμην,

2360 1965 2461 2030 καῖ
2486 1978 2546 2029 οὐ
2592 1979 2753 2047 μόνον
2788 1979 2849 2032 οὑ
2880 1978 3198 2050 προδέδωκα
3236 1981 3344 2032 τοῖ;
3377 1977 3688 2046 πολεμίοις,
3759 1977 3945 2029 καίτοι

2361 2068 2535 2139 ῥᾷστά
2566 2086 2628 2135 γε
2679 2070 2997 2140 δυνάμενος⁴
3037 2070 3097 2123 οῦ
3131 2071 3239 2141 γὰρ
3271 2069 3380 2123 οὐδ’
3430 2070 3594 2133 αὐτὸς
3626 2070 3843 2137 ἀγνοεῖς
3881 2069 3946 2122 ὲν

2359 2155 2503 2219 ὃτοις
2533 2151 2677 2226 ἦσθα
2699 2159 2822 2211 τότε
2849 2177 2861 2189 ·
2900 2159 3037 2213 ἀλλά
3069 2161 3166 2212 καὶ
3190 2162 3249 2212 τό
3288 2176 3353 2227 γε
3400 2170 3481 2224 είς
3510 2161 3611 2230 ἐμὲ
3649 2155 3811 2233 ἧκον,
3843 2158 3945 2213 καὶ

2357 2247 2461 2311 δὶς,
2490 2250 2584 2301 καὶ
2614 2251 2735 2319 τρὶς
2784 2251 2877 2302 ἐπὶ
2923 2253 3217 2323 συμμαχίᾳ
3254 2253 3615 2323 παρεσχόμην
3648 2253 3944 2322 στρατιάν.

2357 2336 2459 2392 Ὧν
2512 2342 2761 2411 ἐνόμιζον
2791 2343 3047 2397 ἁπάντων
3081 2345 3433 2415 μεμνημένον
3497 2345 3758 2398 οὐδέποτε
3810 2343 3946 2413 βου-

2358 2433 2649 2505 λήσεσθαι,
2683 2435 2786 2490 κᾶν
2832 2436 3139 2509 δυνήσηται
3173 2439 3409 2506 μεγάλα,
3456 2438 3555 2501 τὰς
3590 2436 3685 2491 ὑπ’
3726 2438 3825 2506 ἐμὲ
3853 2454 3951 2490 τε-

2358 2525 2558 2587 λούσας
2582 2526 2761 2589 πόλεις
2789 2528 3133 2597 κακουργεῖν.
3171 2528 3241 2580 Σὺ
3273 2526 3338 2587 δ’,
3361 2526 3433 2590 ὼς
3479 2528 3679 2589 ἔοικεν,
3713 2525 3947 2579 ἐκείνων

2360 2619 2617 2673 ἁπάντων
2641 2618 3090 2687 ἐπιλελησμένος,
3117 2618 3275 2688 ἥκεις
3300 2617 3394 2671 νῦν
3421 2617 3734 2687 βαρεάρους
3765 2618 3944 2685 ἄγων,

2359 2711 2435 2773 ὡς
2488 2711 2581 2762 ἐπὶ
2638 2709 2901 2777 πολέμιον
2932 2708 3028 2762 καὶ
3086 2709 3153 2761 τά
3192 2709 3427 2777 μέγιστα
3457 2708 3779 2778 ἠδικηκότα.
3831 2710 3948 2787 καὶ

2360 2803 2566 2866 πόλεις,
2591 2802 2689 2867 τάς
2724 2802 2825 2872 μὲν
2876 2805 2989 2864 τοῖς
3013 2800 3201 2867 ὅπλοις
3232 2798 3399 2868 εἷλες,
3432 2803 3624 2872 ἐτέρας
3649 2803 3705 2855 δὲ
3736 2803 3944 2873 κλοπῇ,

2358 2896 2459 2947 οὐκ
2494 2895 2686 2961 ὀλίγας
2721 2894 2776 2947 δὲ
2808 2898 2905 2950 καὶ
2945 2896 3048 2949 ὑπὸ
3081 2895 3234 2959 δέους
3288 2887 3790 2966 προσχωρησάσας.
3829 2896 3946 2948 Καὶ

2360 2988 2489 3049 τοὺς
2540 2986 2889 3049 ἐνοικοῦντας
2946 2987 3310 3055 στρατιώτας,
3344 2987 3439 3041 καὶ
3489 2985 3601 3039 τῶν
3654 2988 3948 3055 ἐπιφανῶν

670 3098 913 3167 priorem
950 3100 1248 3154 amicitiam
1299 3110 1355 3153 et
1404 3099 1585 3155 fcedus
1640 3118 1855 3156 mecum
1910 3119 2161 3166 renoves,
2199 3112 2255 3159 et

2362 3078 2615 3141 πολλοὺς,
2648 3080 2774 3141 τοὺς
2841 3079 2937 3147 μὲν
3002 3080 3336 3142 ἀπέκτεινας
3375 3078 3522 3132 κατὰ
3582 3078 3685 3141 τὰς
3736 3079 3944 3149 μάχας,

672 3198 906 3256 uterque
932 3204 1056 3258 qua:
1084 3189 1272 3258 habet,
1306 3190 1562 3247 retineat.
1591 3191 1747 3259 Quod
1773 3193 1817 3247 si
1848 3209 1989 3262 aegre
2021 3195 2119 3249 tibi
2149 3203 2251 3260 est,

674 3293 763 3333 me
793 3293 1016 3352 quoque
1042 3282 1356 3350 portionem
1391 3284 1631 3353 aliquam
1657 3285 1725 3339 de
1747 3285 1994 3339 Romano
2023 3285 2256 3355 imperio

670 3370 911 3424 ablatam
950 3373 1256 3440 possidere,
1281 3382 1341 3428 at
1380 3374 1513 3427 illud
1552 3375 1761 3443 cogites
1783 3375 1965 3439 velim,
1996 3387 2047 3431 te
2084 3377 2257 3432 multo

672 3462 996 3531 ampliorem
1041 3464 1289 3529 habere;
1318 3465 1619 3520 detractam
1660 3481 1728 3520 ex
1776 3481 1841 3519 ea
1875 3481 1995 3536 quae
2027 3468 2257 3524 alterius

673 3561 799 3607 erat
836 3555 1061 3624 propria
1099 3573 1114 3610 :
1148 3555 1355 3625 quibus
1391 3564 1690 3625 utrumque
1737 3565 2057 3611 contentum
2098 3573 2252 3622 esse,

608 3720 647 3723 Γ
674 3656 728 3701 et
755 3646 898 3701 facto
931 3646 1141 3702 findere
1162 3662 1353 3717 pacem
1388 3649 1598 3719 agitare
1632 3664 1731 3719 par
1745 3655 1847 3703 est.
1876 3646 1969 3703 Sin
1998 3649 2099 3705 ista
2124 3666 2257 3705 con-

674 3736 814 3791 ditio
850 3745 903 3792 te
947 3752 1056 3792 non
1086 3740 1358 3804 delectat,
1414 3740 1541 3794 vide
1572 3754 1664 3805 ne,
1710 3747 2075 3809 praeterquam
2107 3742 2254 3809 quod

674 3829 812 3885 nihil
835 3829 1076 3900 proﬁcis,
1104 3831 1272 3885 etiam
1297 3830 1647 3899 inexplebilis
1673 3830 1916 3885 avaritiae
1964 3840 2019 3884 et
2058 3831 2255 3901 ingrati

675 3921 845 3976 animi
874 3935 1003 3992 erga
1057 3923 1267 3977 amicos
1305 3938 1369 3976 ac
1402 3922 1540 3976 bene
1572 3923 1801 3976 meritos
1838 3922 2043 3975 crimen
2072 3922 2259 3976 incur-

676 4030 784 4067 ras.
804 4013 1135 4081 HmeCrales
1151 4016 1218 4068 ad
1249 4015 1642 4084 imperatorem
1661 4014 1850 4069 multis
1873 4014 2256 4083 praesentibus.

678 4104 986 4174 Imperator
1010 4104 1333 4174 aliquandiu
1360 4105 1551 4166 silens,
1590 4105 1646 4157 in
1682 4104 1796 4158 hate
1828 4104 1994 4157 verba
2026 4117 2258 4170 respon-

676 4212 796 4251 Stllll
828 4197 1067 4251 reddidit
1101 4214 1114 4251 :
1142 4196 1291 4251 Nihil
1315 4212 1470 4266 aeque
1504 4196 1791 4249 hominum
1829 4196 1950 4249 vitae
1979 4194 2090 4263 jam
2129 4192 2257 4247 inde

676 4292 744 4343 ab
777 4290 935 4344 initio
959 4290 1159 4345 obesse
1178 4290 1396 4359 Opinor,
1429 4303 1611 4358 neque
1635 4288 1781 4342 aliud
1807 4302 1999 4356 magna
2028 4284 2253 4338 dissidia

675 4392 731 4434 rt
771 4382 909 4436 bella
933 4383 1121 4453 gravia
1152 4382 1432 4451 peperisse
1456 4422 1471 4447 ,
1502 4397 1667 4450 quam
1700 4378 1845 4449 quod
1877 4379 2255 4447 unusquisque

674 4474 779 4526 sibi
824 4481 882 4527 et
910 4473 1030 4527 aliis
1052 4474 1195 4528 haud
1227 4475 1410 4545 justus
1425 4482 1508 4527 est
1534 4473 1765 4535 arbiter,
1795 4472 1887 4525 sed
1910 4470 2011 4523 sibi
2039 4469 2259 4537 quidem

673 4566 757 4618 vel
807 4565 1123 4633 turpissima
1152 4564 1476 4633 frequenter
1514 4563 1769 4634 ignoscit,
1814 4561 1884 4615 ab
1919 4560 2044 4613 aliis
2076 4569 2258 4614 autem

675 4653 841 4707 etlam
870 4670 971 4723 pro
1012 4654 1399 4709 minutissimis
1429 4650 1646 4709 delictis
1677 4668 1867 4723 pmnas
1897 4651 2073 4719 poscit
2102 4667 2263 4705 acer-

678 4749 953 4801 hmanas.
1006 4748 1186 4817 Atque
1230 4748 1335 4802 hoc
1379 4757 1505 4813 est,
1550 4746 1697 4817 quod
1742 4746 1908 4799 vitam
1962 4745 2259 4797 humanam

677 4846 965 4905 tanwpere
1016 4838 1368 4907 perturbavit
1393 4848 1561 4907 atque
1591 4835 1937 4908 permiscuit,
1967 4850 2070 4887 nec
2103 4833 2260 4886 urbi-

678 4929 786 4982 bus
815 4937 1031 4983 tantum
1114 4946 1176 4983 ac
1218 4931 1476 4985 domibus
1513 4931 1753 5000 ingentia
1801 4927 2147 4981 incommoda
2181 4927 2260 4977 in—

678 5018 827 5081 tnilt,
855 5020 953 5073 sed
995 5029 1052 5074 et
1094 5030 1202 5073 tota
1251 5022 1483 5090 imperia
1537 5020 1947 5091 pessumdedit,
2000 5034 2122 5070 cum
2168 5028 2259 5071 aut

678 5112 901 5178 quidam
942 5112 1293 5166 insaturabili
1346 5115 1653 5182 cupiditate
1695 5114 1837 5167 bello
1885 5128 1981 5180 per
2014 5112 2165 5162 nefas
2198 5109 2262 5161 il-

675 5202 788 5256 lato
842 5202 979 5257 alios
1046 5213 1324 5268 evertunt,
1390 5214 1485 5259 aut
1538 5206 1603 5259 ab
1654 5205 1779 5278 aliis
1830 5203 2027 5271 quibus
2088 5200 2259 5268 iniqui

678 5293 919 5359 fuerant,
950 5296 1097 5363 juste
1127 5311 1189 5348 ac
1224 5296 1455 5351 honeste
1491 5313 1549 5351 se
1592 5295 1986 5352 lllClSCClilliuiS
2006 5302 2263 5345 evertun-

682 5393 796 5445 tur,
827 5384 973 5452 quod
1001 5393 1056 5438 et
1094 5384 1191 5438 tibi
1230 5388 1391 5439 modo
1421 5386 1717 5458 contigisse
1746 5386 2003 5440 οτὶιὶιιηιπ,
2033 5384 2084 5433 Si
2113 5382 2258 5433 enim

681 5488 898 5542 acquum
963 5485 1019 5530 et
1078 5476 1282 5530 bonum
1317 5479 1479 5548 783
1523 5488 1574 5532 te
1627 5481 1678 5531 in
1737 5484 1925 5530 nostra
1974 5473 2259 5526 amborum

683 5558 850 5619 cansa
880 5566 1121 5635 iudicem
1174 5572 1546 5638 praestitisses,
1586 5588 1693 5624 non
1729 5579 1785 5622 tu
1823 5577 2011 5621 contra
2068 5564 2246 5619 foedus

687 5666 743 5711 et
788 5656 1103 5727 iuramenta
1150 5669 1230 5715 tot
1278 5664 1496 5731 oppidis
1545 5664 1917 5717 Romanorum
1957 5660 2249 5730 incubans,

687 5744 823 5801 nihil
852 5754 903 5802 te
942 5762 1145 5804 novum
1182 5751 1472 5807 admittere
1507 5751 1815 5808 censuisscs
1856 5787 1868 5811 ε
1909 5763 2134 5819 "001M,
2174 5753 2260 5819 illi

2360 3170 2488 3233 τοὺς
2536 3170 2589 3223 δὲ
2624 3170 2817 3232 ἄλλους
2855 3170 3279 3240 ἀνδραποδίσας,
3321 3173 3381 3223 ἐν
3422 3170 3946 3240 εὐεργεσῖαςμέρει

2356 3266 2458 3334 τὴν
2494 3262 2814 3333 ἐλευθερίαν
2837 3264 2944 3316 τῶν
2980 3263 3269 3332 σωμάτων,
3304 3264 3392 3316 ὅτε
3430 3280 3513 3316 σοι
3546 3263 3759 3333 βέλτιον
3785 3252 3972 3331 ὲφειιί-Δ

2358 3372 2506 3420 νετο,
2542 3356 2832 3426 παρείχου,
2864 3356 2924 3409 οὐ
2960 3356 3165 3425 μᾶλλον
3184 3355 3407 3424 ἥδεσθαι
3439 3356 3607 3431 ποιῶν
3638 3357 3944 3425 τυγχάνον-

2358 3464 2459 3509 τας
2483 3448 2819 3515 ὲλευθερίας,
2852 3447 2885 3519 ἢ
2922 3447 3045 3501 ὅσον
3076 3446 3663 3517 ἐξανδραποδιζόμενος
3692 3447 3941 3508 ὲλύπεις.

2362 3537 2682 3607 Χρημάτων
2712 3555 2772 3590 τε
2826 3539 3214 3607 ἀπεστέρησας
3253 3540 3349 3591 καλ⁸
3396 3538 3782 3609 βοσκημάτων,
3817 3538 3946 3593 οὐδὲ

2363 3632 2711 3701 ἀριθμητῶν.
2748 3632 2814 3684 ’Δ
2865 3631 3044 3685 πάντα
3091 3630 3354 3701 ἄχθεσθαι
3396 3632 3562 3695 ποιεῖ,
3594 3631 3689 3685 καὶ
3736 3630 3947 3701 πολλήν

2365 3739 2460 3775 σου
2497 3723 2826 3792 κατηγορεῖν
2848 3721 3246 3794 ἀγνωμοσύνην
3288 3723 3493 3793 ιὈμως
3523 3723 3732 3793 μέντοι,
3761 3723 3946 3776 καίτοι

2360 3813 2602 3867 τοσαῦτα
2662 3813 2767 3866 ὑπὸ
2818 3812 2912 3866 σοῦ
2969 3813 3329 3883 ἠδικημένος,
3387 3813 3449 3867 οὐ
3487 3814 3768 3883 πολέμιος,
3806 3812 3947 3866 ἀλλά

2361 3903 2515 3973 φίλος
2546 3903 2638 3957 καὶ
2663 3904 2974 3973 σύμμαχος,
3008 3903 3197 3974 ῶσπερ
3231 3905 3327 3957 καὶ
3363 3906 3637 3974 πρότερον
3672 3903 3947 3974 αἱροῦμαι

2359 3994 2502 4051 εἶναι
2546 3996 2658 4061 σός.
2707 3996 2818 4051 Καὶ
2847 3997 3028 4049 πᾶσαν
3070 3996 3412 4067 ἀποθέμενον
3451 3995 3705 4065 παραινῶ
3746 4013 3947 4067 μικρο-

2359 4087 2582 4158 ψυχίαν,
2615 4087 2715 4158 τὴν
2747 4078 3016 4158 προτέραν
3048 4086 3233 4155 φιλίαν
3290 4086 3385 4139 καὶ
3413 4087 3510 4149 τὰς
3538 4084 3775 4146 σπονδὰς
3808 4085 3948 4138 ἀνα-

2360 4179 2638 4243 νεοῦσθαι,
2670 4178 2893 4248 ἔχοντας
2915 4178 2951 4231 ἃ.
2980 4178 3175 4247 ἔχομεν
3204 4176 3483 4248 ἑκάτερον.
3520 4177 3580 4229 Ei
3610 4176 3666 4229 δέ
3689 4194 3746 4227 σε
3780 4177 3950 4229 λυπεῖ

2362 4273 2422 4326 τὸ
2444 4271 2538 4324 καὶ
2561 4269 2727 4323 αὑτὸν
2754 4270 2816 4322 ὲκ
2837 4269 2934 4339 τῆς
2950 4268 3237 4338 Ῥωμαίων
3262 4269 3561 4337 ἡγεμονίας
3595 4267 3793 4337 μοῖράν
3817 4284 3947 4320 τινα

2366 4362 2759 4434 παρῃρημένον
2785 4362 2955 4431 ἔχειν,
2986 4361 3103 4414 ἀλλ’
3137 4356 3316 4414 ἐκεῖνο
3341 4361 3545 4413 ὲννοεῐν
3578 4359 3706 4429 χρὴ,
3735 4358 3810 4419 ὼς
3842 4360 3947 4411 αὑ-

2369 4457 2461 4518 τὸς
2492 4454 2639 4525 ἔχεις
2670 4452 3073 4507 πολλαπλάσιον
3109 4452 3287 4504 λαϐὼν
3323 4454 3387 4525 ὲκ
3429 4451 3529 4519 τῆς
3562 4444 3948 4521 αὐτῆςέτέρῳ

2338 4516 2754 4623 ¹προσηκοῦσης
2775 4563 2788 4577 ·
2816 4542 2899 4609 οἷς
2943 4545 3225 4615 προσῆκον
3256 4516 3496 4614 ἀγαπᾷν-
3526 4516 3809 4614 ἑκάτερον,
3847 4516 3947 4596 ἰαὶ

2368 4641 2603 4704 σπονδὰς
2636 4639 2922 4708 θεμένους,
2958 4641 3187 4711 εἰρήνην
3222 4639 3395 4704 ἄγειν.
3454 4639 3513 4690 Et
3559 4638 3615 4689 δὲ
3651 4637 3725 4707 μὴ
3765 4637 3947 4690 ταῦτα

2365 4736 2496 4805 φίλα
2533 4752 2615 4787 σοι
2648 4734 2815 4798 δοκεῖ,
2848 4734 2949 4803 ὅρα
2977 4732 3051 4802 μή
3094 4749 3177 4783 σοι
3217 4730 3351 4799 πρὸς
3382 4728 3458 4799 τῷ
3490 4729 3658 4798 μηδὲν
3683 4728 3848 4780 πλέον
3883 4730 3947 4799 ἠ-

2364 4826 2608 4890 νυκέναι,
2642 4826 2735 4877 καὶ
2760 4823 3070 4893 ἀπληστίας
3126 4823 3221 4875 καὶ
3270 4822 3599 4892 ἀχαριστίας
3637 4823 3770 4892 πρὸς
3813 4824 3945 4885 τοὺς

2363 4917 2549 4986 φίλους
2610 4916 2861 4977 καὶτοὺς
2909 4908 2967 4967 εὖ
3025 4912 3398 4980 πεποιηκότας
3447 4910 3701 4979 ἔγκλημα
3740 4914 3946 4980 προσὲο

2369 5027 2512 5063 σται.
2544 5007 2782 5061 Τοιαῦτα
2816 5008 2912 5076 μὲν
2941 5008 2967 5059 ὁ
2998 5005 3224 5075 Κράλης
3248 5003 3517 5073 διειλέχθη
3548 5004 3686 5073 πρὸς
3711 5002 3941 5071 βασιλέα

2365 5102 2576 5154 πολλῶν
2604 5101 2909 5169 παρόντων.
2946 5095 3212 5163 Βασιλεὺς
3240 5096 3297 5149 δὲ
3328 5095 3570 5165 ἐπισχὼν
3597 5094 3813 5163 μικρὸν,
3837 5109 3943 5145 τοι·

2365 5196 2537 5263 αὐτην
2562 5194 2697 5263 πρὸς
2732 5193 2955 5263 Κράλην
2979 5193 3276 5262 ἐποιήσατο
3307 5191 3623 5258 ἀπολογίαν.
3656 5188 3825 5241 Οὐδὲν
3848 5187 3943 5239 οὖ-

2364 5307 2468 5353 τως
2530 5290 2713 5357 οἴομαι
2772 5284 3132 5355 λυμαίνεσθαι
3189 5284 3268 5354 τῷ
3310 5283 3409 5354 βίῳ
3459 5281 3569 5335 τῶν
3631 5280 3939 5350 ἀνθρώπων

2366 5379 2601 5449 ἐξαρχῆς
2642 5377 2761 5430 οὐδὲ
2795 5375 2993 5445 μᾶλλον
3024 5374 3197 5425 αἴτιον
3236 5373 3343 5427 τῶν
3379 5372 3632 5439 μεγάλων
3662 5369 3939 5438 διαφορῶν

2366 5474 2474 5549 καλ
2495 5474 2605 5524 τῶν
2629 5471 2882 5537 πολέμων
2908 5466 3259 5535 γεγενῆσθαι,
3289 5465 3320 5535 ἢ
3360 5464 3418 5516 τὸ
3447 5463 3519 5531 μὴ
3551 5462 3779 5521 δικαίως
3800 5460 3939 5513 ἕκα-

2368 5582 2492 5617 στον
2522 5562 2701 5630 ἑαυτῷ
2732 5578 2790 5613 τε
2824 5560 2918 5611 καὶ
2944 5560 3055 5621 τοῖς
3094 5557 3273 5617 ἄλλοις
3302 5556 3513 5625 διαιτᾷν
3542 5571 3555 5585 ·
3592 5553 3708 5605 ἀλλ’
3756 5551 3938 5621 ἐαυτῷ

2371 5658 2469 5727 μὲν
2504 5656 2598 5709 καὶ
2628 5656 2695 5708 τὰ
2728 5651 3056 5707 ἀτοπώτατα
3085 5650 3344 5709 πολλάκις
3378 5648 3701 5718 συγχωρεῖν,
3734 5644 3864 5705 τοὺς
3892 5641 3937 5694 δ’

2368 5751 2561 5812 ἄλλους
2596 5750 2688 5803 καὶ
2743 5748 2880 5817 ὑπὲρ
2927 5746 3033 5799 τῶν
3063 5744 3359 5812 ἐλαχίστων
3394 5742 3655 5813 μεγίστας
3684 5737 3937 5792 ἀπαιτεῖν
