4110 6320
190 334 281 398 161

176 541 503 605 ἀποδιδόναι,
529 542 625 596 καὶ
654 530 929 611 μηδεμίαν
949 540 1229 609 πρόφασιν
1256 541 1452 613 ἀρκεῖν
1471 540 1567 593 ἐπὶ
1594 542 1767 610 μηδε-

181 636 304 702 μιᾶς
344 633 737 704 ἀποστερήσει,
766 632 860 685 καὶ
876 630 1606 701 τούτωνὲξεστινιάπόδειξιν
1623 649 1775 702 παρν-

178 728 317 795 έχειν
337 726 546 794 ἐναργῆ
585 727 650 777 ἐκ
689 723 806 779 τῶν
871 725 1367 795 ἐγγράφωνὸρκων
1386 724 1637 789 τουτωνὶ,
1678 724 1776 791 οὒς

178 821 418 890 ἐποιήσω
440 818 562 871 τότε
597 817 733 888 πρὸς
762 816 861 887 ἐμὲ
889 818 949 870 ἐν
1002 819 1124 881 ταῖς
1176 815 1479 888 συνθήκαις
1504 820 1777 889 παρόντος

181 907 613 979 ἀρχιεπισκόπου
635 904 730 959 τοῦ
757 906 876 970 σοῦ,
904 906 997 959 καὶ
1013 904 1120 959 τῶν
1140 905 1261 958 νυνὶ
1279 907 1569 976 παρόντων
1582 901 1774 963 ἐνθᾶδε

180 1006 403 1055 τουτωνὶ
431 1000 542 1054 τῶν
564 999 671 1052 ὑπὸ
696 998 755 1053 σέ
772 998 1075 1068 ἐπιφανῶν.
1096 998 1437 1069 Σκεψώμεθα
1454 999 1517 1070 δὴ
1538 999 1633 1055 οῦν
1652 1002 1780 1057 ὀπό-

181 1113 331 1167 τερος
348 1095 594 1165 ἐνέμεινε
615 1094 929 1164 τοῖςρρκοις
945 1093 1180 1156 τούτοις·
1210 1088 1302 1164 ἆρ’
1321 1094 1349 1146 ὁ
1372 1091 1579 1167 πολλὴν
1599 1095 1780 1163 ἀγνω-

186 1188 415 1258 μοσύνην
436 1186 532 1240 καὶ
550 1185 875 1257 ἀχαριστίαν
893 1184 1372 1256 κατηγορούμενος
1392 1184 1526 1253 ἐγὼ.
1553 1187 1651 1241 καὶ
1676 1204 1779 1241 κα-

183 1280 269 1345 κὸς
294 1280 428 1351 περὶ
452 1280 585 1343 τοὺς
604 1281 817 1349 φίλους,
843 1280 934 1334 καλ⁵
957 1280 1267 1351 ἀπληστίας
1280 1281 1441 1354 δίκην
1466 1281 1707 1351 φεύγων,
1742 1284 1776 1356 ἦ

187 1375 245 1427 σὺ
272 1372 441 1442 ὁξτῶν
463 1372 763 1442 ἀλλοτρίων
807 1370 1037 1442 μηδενὸς
1055 1372 1362 1441 ἐπιθυμῶν,
1399 1373 1538 1427 ἀλλά
1558 1374 1778 1444 βέϐαιος

185 1467 307 1533 περὶ
322 1469 451 1531 τοὺς
469 1466 682 1535 φίλους,
698 1466 790 1519 καὶ
809 1466 999 1536 ὥσπερ
1021 1466 1301 1519 πολιτείαν
1319 1466 1406 1522 διὰ
1426 1467 1545 1537 βίου
1571 1466 1777 1537 μετιὼν

183 1556 240 1609 τὸ
259 1558 333 1628 μὴ
359 1573 422 1610 συ
432 1555 917 1627 μμεταῦάλλεσθαι
939 1557 1135 1628 ῥᾳδίως
1146 1560 1263 1622 τοῖς
1280 1562 1516 1629 καιροῖς,
1541 1561 1677 1628 μηδὲ
1709 1562 1778 1613 τά

186 1649 413 1715 εἰσάπαξ
450 1648 806 1721 ἐψηφισμένα
833 1650 1054 1719 τρόπων
1077 1636 1299 1721 εὐκολία
1323 1650 1582 1705 διαλύων.
1623 1653 1780 1723 Ἐμοὶ

189 1743 282 1811 μὲν
304 1742 473 1808 δοκεῖ,
506 1742 581 1812 μή
594 1743 635 1794 τ’
660 1741 921 1813 εὐορκίας
952 1740 1052 1811 ἐμὲ
1098 1742 1195 1796 καὶ
1230 1742 1588 1813 βεϐαιότητος
1647 1745 1778 1816 περὶ

984 390 989 393 ,
1336 333 1889 399 HISTORIARUM
1929 337 2162 399 LIBER
2214 337 2313 398 IV.

176 449 316 503 ἔνδον
338 446 636 518 χρήμασιν,
664 444 905 518 ἢῖτρόπῳ
930 443 995 515 δή
1023 461 1131 499 τινι
1163 444 1362 517 ἑτέρῳ,
1398 448 1584 511 πάσας
1639 449 1776 519 ἐμοὶ

1892 450 1997 505 mel
2022 451 2245 507 decreta
2278 466 2377 524 per
2411 426 2688 507 levitatem
2717 456 3010 508 retractes.
3039 448 3309 521 Equidem
3342 452 3480 506 mihi

3381 342 3483 407 162

1883 541 2075 598 videor
2123 545 2336 599 nullum
2397 544 2687 619 religionis
2715 585 2731 611 ,
2774 544 3146 611 constantiae,
3210 544 3484 614 aquitatis

1883 649 2098 691 munus
2129 651 2257 708 erga
2295 638 2507 692 amicos
2561 636 2991 707 prmtermisisse
3030 657 3044 692 :
3075 651 3261 707 neque
3292 638 3480 691 avari.

1882 727 1971 783 tite
1999 722 2169 790 meae,
2209 729 2442 799 perjurii
2475 738 2531 785 et
2568 730 2916 784 inﬁdelitatis
2947 730 3002 784 in
3028 731 3255 785 eosdem
3305 730 3479 785 ullum

1881 829 2270 890 argumentum
2312 830 2517 876 exstat.
2539 821 2693 889 Cum
2714 822 2864 877 enim
2894 821 3173 896 Berrhmaa
3205 837 3479 884 versarer,

1882 913 2161 982 urbesque
2207 913 2456 967 finitima:
2491 914 2741 983 quaedam
2797 914 2863 967 ad
2929 930 3015 969 me
3073 897 3478 979 desciscerent,

1880 1019 1983 1073 ego
2017 1002 2281 1075 quidem,'
2306 1014 2366 1060 ut
2396 1020 2486 1059 res
2518 1005 2753 1070 ferebat,
2788 1020 2991 1075 augere
3038 1006 3337 1073 imperium
3389 1021 3484 1059 co-
3532 997 3536 1001 ’

1882 1094 2078 1160 nabar,
2110 1107 2167 1151 et
2198 1096 2447 1152 collectis
2476 1106 2715 1165 quantas
2748 1082 2999 1165 poteram
3035 1098 3237 1167 copiis,
3272 1097 3485 1151 habens

1880 1195 1938 1241 et
1964 1188 2275 1243 Germanos
2335 1188 2432 1243 abs
2485 1198 2535 1243 te
2586 1190 2725 1244 mihi
2761 1191 2983 1255 missos,
3023 1191 3483 1245 Thessalonicam

1882 1278 2196 1332 amicorum
2242 1279 2520 1335 accersitu
2576 1280 2735 1334 veni.
2771 1280 2854 1334 Tu
2894 1296 3022 1361 mox
3082 1281 3233 1335 nulla
3271 1296 3481 1344 causa.

1885 1369 2035 1424 nulla
2094 1367 2392 1426 occasione
2442 1388 2471 1426 a
2531 1388 2618 1426 me
2675 1374 2905 1442 pra-bita
2961 1374 3099 1428 mihi
3148 1374 3482 1441 insidiatus,

1882 1460 2499 1546 Thessalonicensibus,
2557 1472 2615 1515 ut
2647 1462 2703 1516 in
2737 1478 2827 1516 me
2861 1463 3039 1525 irent,
3075 1471 3273 1517 auctor
3304 1462 3482 1529 fuisti,

1883 1549 2461 1621 Germanosquetuos
2486 1568 2552 1607 ex
2585 1553 2701 1621 ipsa
2724 1554 3129 1621 propemodum
3167 1554 3286 1607 acie
3320 1570 3483 1607 revo-

1886 1645 2048 1699 casti.
2080 1643 2214 1711 Qua:
2248 1646 2499 1716 profecto
2534 1646 3003 1715 importunissimi
3040 1647 3216 1701 hostis
3246 1649 3393 1711 esse,
3436 1648 3480 1701 si

1888 1743 1943 1788 tu
1974 1751 2085 1789 non
2137 1737 2313 1804 dicas,
2369 1749 2425 1792 at
2465 1738 2654 1793 dicent
2688 1749 2963 1809 quotquot
3018 1740 3108 1793 hic
3139 1750 3344 1795 astant.
3400 1740 3483 1799 Me

186 1807 306 1897 τοὺς
337 1807 548 1902 φίλους,
569 1807 680 1885 ’καὶ
726 1807 1148 1903 εύγνωμοσύνης
1179 1807 1346 1905 μηδὲν
1363 1807 1561 1905 δεῖγμα
1596 1807 1776 1917 παρα-

1884 1836 2072 1884 autem
2106 1827 2237 1883 inde
2268 1840 2646 1886 revertentem
2680 1872 2695 1894 ,
2751 1848 2977 1885 manum
3014 1832 3082 1885 ad
3138 1834 3339 1886 Axium
3374 1832 3482 1885 flu-

184 1924 407 1992 λείπειν,
449 1925 589 1995 μήτε
661 1924 723 1978 σέ
770 1923 1078 1994 ἀπληστίας
1108 1969 1125 1993 ,
1166 1928 1281 1989 ςκαὶ
1332 1928 1638 1999 ἐπιορκίας,
1682 1931 1777 1983 καὶ

190 2020 310 2085 περὶ
366 2019 497 2081 τοὺς
538 2018 729 2086 φίλους
784 2017 1065 2082 ἀπιστίας·
1095 2020 1170 2082 ὡς
1228 2020 1339 2093 γὰρ
1393 2022 1666 2093 ἐγενόμην
1714 2026 1777 2076 ἐν

186 2108 433 2180 Βερῤοίᾳ,
468 2109 564 2162 καί
596 2122 742 2174 τινες
774 2109 1028 2180 πολίχναι
1060 2113 1452 2184 προσεχώρουν
1484 2114 1613 2183 περὶ
1672 2116 1775 2169 αύο

187 2194 281 2263 τὴν
306 2195 397 2248 καὶ
432 2196 720 2262 Θετταλία,
754 2198 865 2267 ἐγὼ
897 2200 997 2269 μὲν
1027 2201 1091 2252 ἐκ
1122 2200 1233 2253 τῶν
1280 2202 1514 2257 ἐνόντων
1539 2204 1779 2274 ἐπειρώ-

191 2304 293 2357 μην
321 2287 513 2353 αὔξειν
537 2288 634 2360 τὴν
665 2290 863 2363 ἀρχὴν,
900 2291 995 2345 καὶ
1027 2285 1291 2364 στρατιὰν
1324 2294 1601 2365 ἠθροικὼς
1640 2299 1775 2367 ὅσην

196 2380 423 2449 μάλιστα
454 2380 607 2451 ἐξῆν,
639 2380 781 2452 ἔχων
813 2383 907 2437 καὶ
940 2382 1262 2455 Γερμανοὺς
1293 2390 1422 2452 τοὺς
1468 2389 1620 2459 παρὰ
1652 2390 1772 2459 σοῦ,

192 2463 317 2541 ἧκον
350 2473 430 2536 είς
462 2472 874 2546 Θεσσαλονίκην
906 2474 1013 2528 ὑπὸ
1048 2476 1159 2530 τῶν
1197 2479 1368 2549 φίλων
1407 2482 1774 2553 κεκλημένος.

191 2559 256 2614 Σὺ
283 2561 336 2615 δέ
366 2563 569 2618 αὐτίκα
620 2564 1003 2631 ἐπεϐούλευες,
1069 2570 1345 2640 μηδεμίαν
1400 2574 1580 2627 αἰτίαν
1636 2576 1778 2646 μηδέ

193 2647 456 2717 πρόφασιν
483 2652 623 2720 πρὸς
670 2653 763 2706 τὸν
792 2654 1029 2727 πόλεμον
1059 2661 1499 2732 παρασχομένῳ,
1542 2664 1637 2717 καὶ
1662 2665 1779 2727 τοῖς

190 2758 244 2795 τε
266 2741 715 2797 Θεσσαλονικεῦσι
738 2744 1123 2812 συνεϐούλευες
1157 2750 1482 2817 ἐπεξιέναι,¹
1528 2755 1619 2806 καὶ
1646 2754 1780 2824 Γερ-

194 2833 381 2903 μανοὺς
393 2835 524 2898 τοὺς
542 2835 669 2899 σοὺς
686 2835 951 2890 ἀνεκαλοῦ
975 2838 1262 2909 ἀπ’,αύτῆς
1282 2844 1381 2910 τῆς
1413 2845 1781 2910 παρατάξεως

194 2926 361 2995 σχεδόν
380 2944 395 2959 ·
417 2927 453 2981 ἃ
495 2924 637 2981 εἶναι
665 2928 1095 2999 πολεμιωτάτου,
1114 2932 1162 2985 εἰ
1189 2932 1265 3004 μὴ
1296 2935 1449 3003 σύγε,
1472 2937 1639 2991 ἀλλ’οί
1675 2957 1781 2995 πα-

195 3020 362 3110 ρὸντες
416 3021 668 3097 ’ἅπαντες
714 3024 920 3095 ἐροῦσι.
953 3026 1375 3098 ’Δναστρέφοντι
1428 3030 1485 3084 δέ
1544 3032 1776 3102 ἐκεῖθεν,

194 3113 438 3183 στρατιὰν
462 3114 717 3189 ἔπεμψας
737 3110 828 3169 ἐπὶ
841 3116 931 3170 τὸν
957 3116 1159 3183 Ἀξειδν
1189 3119 1508 3175 κωλύουσαν
1534 3125 1670 3195 πρὸς
1688 3126 1781 3181 τὸν

196 3208 369 3273 πόρον,
388 3208 485 3263 καὶ
515 3210 802 3281 μονονουχὶ
822 3211 936 3275 τοῖς
957 3209 1242 3283 πολεμίοις
1258 3216 1575 3290 αὐτοχειρίᾳ
1602 3236 1776 3289 παρεᾳ

189 3295 331 3362 δίδως
355 3315 369 3329 ·
395 3301 460 3363 ἐς
486 3302 759 3373 τοσαύτην
802 3302 913 3373 γὰρ
957 3307 1305 3377 κατέστησας
1331 3309 1605 3381 ἀνάγκην,
1630 3311 1774 3366 ὥστε

196 3391 239 3441 εἰ
261 3389 331 3461 μὴ
345 3391 481 3456 Θεὸς
513 3393 721 3448 ἄνωθεν
753 3395 1025 3467 ὑπερέσχε
1062 3401 1219 3469 χεῖρα
1245 3401 1383 3472 πρὸς
1414 3402 1511 3471 τὴν
1528 3403 1775 3458 διάσασιν

195 3481 279 3535 τοῦ
327 3485 600 3556 ποταμοῦ,
652 3488 969 3560 ἀπωλόμεθ’
991 3491 1058 3545 ἂν
1125 3494 1333 3558 πάντες
1400 3496 1615 3559 ἀκλεῶς
1669 3498 1775 3550 ὑπὸ

200 3575 590 3645 περιχυθέντων
628 3578 766 3648 ὁμοῦ
815 3578 1106 3649 Ῥωμαίων
1138 3583 1234 3637 καὶ
1262 3584 1583 3657 βαρϐάρων.
1614 3588 1775 3641 Οὕτω

202 3667 315 3729 τοὺς
335 3670 537 3739 ὅρκους
559 3670 891 3743 διετήρησας
919 3674 1189 3746 ἀκριὸῶς,
1232 3678 1329 3731 καὶ
1373 3678 1545 3732 ταῦτα
1567 3681 1628 3733 ού
1666 3681 1774 3751 πρὸ

199 3754 373 3812 πολλοῦ
402 3760 497 3813 τοῦ
528 3761 723 3833 χρόνου
744 3752 1205 3834 γεγραμμένουςί
1226 3766 1301 3820 Οὐ
1350 3768 1460 3838 μὴν
1494 3770 1774 3839 ἠρκέσθης

200 3849 403 3918 ἀφανῶς
455 3852 833 3909 ἐπιϐουλεύειν
871 3856 1054 3924 μόνον,
1106 3857 1225 3911 ἀλλ’
1265 3857 1612 3930 Ἀποκαύχου
1662 3862 1775 3924 τοῖς

202 3941 416 4010 κόμποις
483 3946 585 3998 καὶ
612 3947 725 4010 τοῖς
753 3946 1036 4019 πλάσμασι
1074 3950 1342 4019 πεισθεὶς,
1397 3955 1659 4024 χρήματά
1688 3972 1771 4019 τε,

201 4032 265 4098 ὥς
316 4036 559 4105 ἐλέγετο,
616 4040 749 4110 παρ’
767 4042 977 4096 ἐκείνου
1042 4042 1304 4117 εἰληφὼς,
1355 4046 1613 4115 πολέμιον
1672 4046 1774 4113 ἐμέ

200 4124 435 4198 ἐψηφίσω
462 4132 742 4200 φανερῶς,
796 4133 856 4187 ὃν
914 4135 973 4189 ἐν
1005 4138 1117 4200 τοῖς
1171 4138 1359 4207 ὅρκοις
1400 4139 1635 4208 γράφεις
1686 4139 1777 4193 διὰ

202 4219 303 4288 βίου
337 4221 639 4296 σύμμαχον
669 4226 764 4278 καὶ
789 4225 944 4296 φίλον
968 4226 1132 4294 ἕξειν·
1197 4229 1308 4282 οὐδ’
1342 4229 1506 4291 αὐτὸς
1562 4230 1651 4294 ἂν,
1698 4226 1777 4283 οϊ-

204 4330 307 4383 μαι,
353 4318 522 4389 φαίης
552 4318 822 4389 εὐορκεῖν·
856 4319 949 4373 καὶ
997 4320 1304 4392 γράμματα
1354 4321 1601 4393 ἔπεμπες
1634 4324 1774 4393 ἐμοὶ⁵

200 4407 285 4476 τήν
309 4410 536 4481 εἰρήνην
591 4411 691 4463 καὶ
734 4412 834 4482 τὴν
882 4413 1202 4483 συμμαχίαν
1253 4414 1508 4486 φανερῶς
1558 4417 1775 4484 ἀπαγο-

1882 1936 2031 1986 men,
2068 1922 2306 1977 transitu
2343 1938 2430 1977 me
2481 1925 2898 1994 probibilutam
2933 1925 3154 1999 misisti,
3186 1936 3241 1980 et
3271 1935 3481 1979 tantum

1882 2027 2005 2065 non.
2047 2020 2143 2066 tua
2202 2012 2321 2083 ipse
2372 2030 2539 2068 manu
2603 2014 2861 2069 hostibus
2917 2032 3006 2070 me
3059 2015 3361 2069 tradidisti.
3406 2016 3483 2069 lio

1881 2104 2031 2158 enim
2069 2105 2420 2167 necessitatis
2457 2106 2694 2177 adegisti
2728 2150 2741 2170 ,
2802 2117 2860 2161 ut
2900 2108 3010 2161 nisi
3046 2109 3193 2164 Deus
3244 2109 3470 2179 desuper

1879 2210 2105 2251 manum
2134 2210 2291 2273 suam
2324 2196 2392 2251 ad
2423 2196 2631 2252 flumen
2663 2199 3055 2269 trajiciendum
3091 2200 3438 2255 extendisset
3466 2252 3480 2275 ,

1880 2301 1911 2340 a
1944 2286 2300 2351 circumfusis
2331 2288 2501 2343 simul
2528 2289 2797 2344 Romanis
2848 2300 3017 2361 atque
3051 2290 3303 2345 barbaris
3330 2292 3479 2346 nulla

1879 2394 2005 2432 cum
2059 2386 2250 2434 nostra
2286 2379 2461 2449 gloria
2495 2380 2719 2435 delendi
2773 2379 3050 2437 fuerimus
3094 2399 3109 2436 :
3159 2383 3328 2454 786
3370 2379 3479 2437 tam

1880 2471 2145 2539 praeclare
2183 2479 2239 2525 tu
2281 2471 2674 2541 jusjurandum
2698 2512 2713 2537 ,
2754 2471 3017 2542 idque,in
3050 2473 3267 2527 litteras
3302 2489 3481 2543 nuper

1882 2563 2121 2617 relatum
2154 2565 2485 2634 prxstitisli.
2534 2563 2649 2620 Nec
2688 2565 3056 2621 clandestinis
3091 2566 3311 2620 insidiis
3340 2581 3480 2619 con-

1881 2663 2089 2720 tentus,
2120 2658 2288 2710 etiam
2312 2656 2659 2726 Apocauchi,
2682 2639 2924 2711 hominis
2954 2656 3181 2711 ventosi
3202 2698 3219 2722 ,
3254 2656 3481 2725 figmen-

1882 2749 1954 2803 tis
1984 2748 2245 2815 credens,
2276 2748 2597 2819 et‘pecunia
2622 2749 2691 2805 ab
2725 2749 2843 2815 illo,
2873 2756 2935 2803 ut
2958 2749 3204 2811 aiebant,
3228 2760 3477 2818 accepta,

1884 2842 2101 2898 hostem
2134 2858 2224 2897 me
2254 2843 2436 2912 palam
2480 2842 2802 2910 declarasti,
2829 2858 2993 2913 quem
3032 2841 3087 2896 in
3113 2843 3481 2912 jurejurando

1883 2934 2098 2990 socium
2130 2948 2354 3004 semper
2411 2942 2578 3005 atque
2610 2935 2852 2990 amicum
2887 2934 3213 2989 habiturum
3259 2945 3311 2989 te
3336 2934 3481 2989 scri-

1886 3024 1993 3079 bis.
2025 3024 2157 3080 Haec
2185 3024 2281 3094 qui
2322 3024 2511 3090 faciat,
2560 3041 2663 3081 nec
2714 3035 2771 3081 tu
2826 3042 2978 3092 eum,
3027 3026 3249 3096 Opinor,
3279 3028 3480 3097 juratis

1886 3126 2036 3174 stare
2083 3116 2466 3174 aﬂirmaveris.
2522 3119 2757 3190 Insuper
2795 3120 3013 3176 litteras
3043 3120 3323 3186 mittebas,
3351 3122 3479 3190 qui-

1884 3210 1992 3265 bus
2045 3226 2239 3281 pacem
2296 3219 2354 3266 et
2399 3212 2705 3266 amicitiam
2740 3222 2932 3282 aperte
2977 3214 3364 3279 renuntiabas,
3423 3223 3480 3268 et
3565 3200 3569 3205 ’

1880 3304 2089 3359 bellum
2142 3321 2257 3361 non
2304 3314 2457 3372 ante,
2492 3320 2592 3375 pro
2624 3321 2781 3361 more
2812 3349 2827 3373 ,
2860 3308 3134 3363 indictum
3185 3308 3483 3365 denuntia-

1880 3394 1979 3451 bas
2013 3411 2197 3466 :quas
2227 3405 2283 3451 et
2331 3397 2388 3450 in
2421 3397 2569 3452 hunc
2620 3413 2800 3468 usque
2829 3398 2992 3457 diem.
3019 3416 3048 3455 a
3097 3416 3184 3455 me
3229 3411 3479 3457 servatas

1880 3487 2072 3543 videre
2098 3488 2247 3543 licet.
2274 3488 2354 3543 Ex
2380 3488 2478 3544 illo
2509 3505 2596 3544 me
2622 3498 2680 3545 et
2711 3490 3026 3547 manifestis
3054 3494 3246 3555 armis,
3292 3500 3353 3548 et
3386 3509 3480 3549 oc—

1880 3578 2058 3633 cultis
2089 3577 2308 3633 insidiis
2340 3588 2531 3647 petere
2561 3593 2669 3634 non
2695 3581 2947 3637 cessasti.
2975 3581 3113 3635 Nam
3142 3591 3198 3637 et
3214 3581 3480 3652 Didymo-

1878 3670 2093 3726 tichum
2152 3687 2279 3726 cum
2313 3671 2548 3728 Amurio
2580 3688 2898 3740 reversum,
2954 3684 3251 3745 postquam
3294 3676 3384 3731 ille
3424 3678 3479 3732 in

1878 3763 2067 3819 Asiam
2089 3764 2457 3835 renavigavit,
2486 3774 2549 3820 ut
2579 3766 2915 3836 Apocaucbo
2940 3768 3214 3836 promissa
3240 3768 3476 3834 faceres,

1878 3857 2057 3911 robur
2088 3859 2372 3914 exercitus
2423 3860 2479 3913 in
2519 3874 2607 3915 me
2656 3860 2905 3926 duxisti;
2942 3870 3003 3917 et
3051 3877 3226 3931 usque
3252 3862 3479 3935 Mygdo-

1878 3949 2027 4003 niam
2079 3950 2260 4019 palam
2322 3950 2504 4007 bostis
2532 3965 2691 4006 meus
2721 3951 3031 4007 tetendisti.
3066 3953 3253 4008 Persis
3292 3964 3478 4009 autem

1877 4043 2160 4113 peditibus
2188 4045 2636 4112 occurrentibus,
2672 4060 2911 4117 quorum
2928 4060 3096 4105 naves
3124 4046 3332 4102 Latinae
3377 4048 3478 4102 tri-

1880 4150 2067 4192 remes
2100 4136 2488 4203 incenderant,
2520 4146 2577 4193 et
2621 4137 2845 4209 egregie
2892 4138 3087 4193 attrito
3114 4139 3184 4194 ab
3207 4139 3291 4194 eis
3319 4154 3480 4194 exer-

1879 4229 2020 4295 citu,
2046 4245 2215 4299 quem
2246 4240 2441 4286 contra
2470 4231 2618 4301 ipsos
2652 4230 2941 4297 mittebas,
2981 4230 3099 4302 ipse
3120 4245 3344 4302 quoque
3376 4233 3480 4287 im-

1880 4321 2100 4391 provisa
2133 4337 2193 4377 re
2222 4325 2513 4392 perculsus
2536 4363 2549 4387 ,
2583 4325 2637 4378 in
2670 4332 2821 4379 tuam
2846 4325 3195 4395 provinciam
3220 4322 3433 4379 rediisti
3461 4340 3474 4377 :

1878 4422 1937 4467 et
1992 4413 2302 4472 Manuelem
2361 4413 2648 4483 despotam
2692 4415 2866 4469 filium
2903 4426 3111 4483 meum,
3164 4430 3328 4485 quem
3372 4431 3477 4487 ego

203 4498 431 4568 ρεύοντα,
460 4502 558 4556 καὶ
586 4502 826 4575 πόλεμον
858 4505 1301 4571 καταγγέλλοντα
1345 4506 1685 4576 ἀκήρυκτον·
1735 4506 1771 4561 ἃ

1882 4503 2181 4569 Berrbaaae,
2210 4504 2715 4575 oppidulorumque
2737 4506 2975 4561 aliorum
2996 4507 3316 4577 praefectum
3344 4508 3479 4562 reli-

204 4591 285 4644 ui.
317 4592 410 4648 νῦν
458 4594 671 4662 ἔξεστιν
704 4596 839 4667 ὀρᾷν
874 4596 978 4660 ,είς
1032 4595 1197 4669 δεῦρο
1258 4598 1600 4651 διασωθέντα
1631 4599 1777 4671 παρ’

204 4685 325 4753 ἐμοί.
354 4689 465 4743 Καὶ
490 4686 551 4753 ἐξ
592 4688 807 4742 ἐκείνου
842 4690 903 4742 οὐ
938 4690 1176 4753 διέλιπες
1206 4692 1461 4761 φανερῶς
1517 4709 1576 4745 τε
1617 4693 1777 4746 πολε-

208 4778 326 4847 μῶν,
364 4784 455 4837 καὶ
488 4781 717 4850 ἀφανῶς
769 4782 1157 4837 ἐπιϐουλεύων.
1196 4783 1351 4852 Ἐμοί
1414 4800 1474 4837 τε
1510 4784 1618 4854 γὰρ
1686 4786 1770 4848 είς

204 4872 569 4945 Διδυμὸτειχον
597 4875 933 4944 ἐπανήκοντι
966 4876 1101 4945 μετά
1138 4876 1368 4947 ’Λμοὺρ,
1412 4878 1535 4931 ἐπεὶ
1565 4880 1775 4943 ἐκεῖνος

203 4962 259 5034 ἦν
283 4972 357 5033 εἰς
409 4970 508 5040 τὴν
557 4968 765 5033 Ἀσίαν,
802 4969 901 5041 τὴν
966 4969 1635 5045 ὑπόσχεσινδἊποκαύχῳ
1685 4974 1776 5026 ἐκ-

208 5060 436 5133 πληρῶν,
493 5063 553 5116 τὸ
578 5062 868 5131 κράτιστον
894 5062 994 5127 τῆς
1026 5064 1286 5131 στρατιᾶς
1335 5063 1477 5133 ἔχων
1506 5064 1778 5134 ἐπεστρά-

204 5165 355 5215 τενες·
376 5155 469 5205 καὶ
504 5152 779 5223 προῆλθες
805 5152 931 5222 ἄχρι
953 5153 1286 5220 Μυγδονίας,
1318 5154 1567 5225 φανερῶς
1602 5154 1774 5209 ἐπιὼν

206 5241 330 5311 ἐμοί.
362 5245 590 5315 Περσῶν
618 5244 675 5298 δέ
712 5244 895 5309 πεζῶν
943 5245 1372 5315 περιτυχόντων,
1408 5240 1481 5298 ὧν
1514 5246 1614 5310 τὰς
1638 5247 1773 5311 ναῦς

206 5335 248 5385 αἱ
310 5337 596 5393 Δατινικαὶ
651 5338 958 5407 ἐνέπρησαν
1019 5340 1291 5409 τριήρεις,
1340 5340 1435 5394 καὶ
1485 5340 1656 5394 πολλά
1706 5344 1771 5412 τῇ

208 5431 412 5501 στρατιᾷ
436 5431 860 5502 λυμηναμένων,
886 5431 954 5501 ἢν
989 5431 1238 5500 ἔπεμπες
1287 5430 1376 5486 ἐπ’
1409 5433 1629 5499 αὐτοὺς,
1653 5434 1777 5487 ἀνε-

208 5514 385 5586 χώρεις
432 5520 531 5573 καὶ
582 5520 750 5584 αὐτὸς
778 5521 855 5585 είς
889 5521 989 5589 τὴν
1024 5521 1201 5573 οἰκίαν
1238 5521 1774 5591 πληγεὶςσάπροσδο-
1806 5588 1811 5591 _

210 5608 399 5671 κήτοις.
469 5609 567 5661 καὶ
619 5607 880 5677 Μανουὴλ
923 5606 1191 5677 δεσπότην
1216 5608 1308 5661 τὸν
1361 5610 1476 5662 υἱὸν
1522 5611 1637 5664 ἐπὶ.
1674 5611 1777 5679 τῆς

212 5693 457 5765 Βερῤοίας
527 5700 633 5771 τὴν
683 5699 880 5771 ἀρχὴν,
922 5701 1019 5755 καλ⁴
1080 5700 1190 5755 τῶν
1253 5702 1431 5756 ἄλλοιν
1486 5703 1778 5775 πολιχνίων

218 5789 685 5864 καταλελειμμένον
710 5792 802 5847 ὑπ’
836 5792 991 5864 ἐμοῦ,
1030 5795 1283 5864 φανερῶς
1306 5814 1363 5849 τε
1411 5797 1767 5874 ἐπολιόρκεις

1879 4610 2148 4666 queram,
2207 4597 2384 4666 palam
2442 4596 2737 4660 obsedisti,
2776 4612 2882 4652 nec
2913 4600 3067 4654 cives
3097 4599 3335 4669 pecunia
3382 4598 3479 4653 de-

1881 4701 2116 4755 pravare
2140 4687 2399 4750 omisisti,
2432 4687 2611 4742 donec
2643 4688 2752 4743 illis
2777 4704 3008 4743 exosum
3032 4691 3101 4745 in
3133 4690 3476 4745 Thessaliam

1880 4780 2164 4849 expulisti.
2209 4778 2291 4833 Tu
2348 4796 2480 4834 vero
2532 4779 2730 4834 urbem
2783 4781 3117 4851 occupabas,
3173 4787 3231 4837 et
3264 4782 3475 4856 Bheras

1881 4871 2141 4926 similiter
2169 4871 2332 4942 longo
2367 4880 2616 4941 tempore
2657 4872 2920 4927 obsidens
2946 4915 2959 4940 ,
2988 4889 3114 4929 cum
3147 4887 3202 4930 te
3231 4890 3472 4944 orarem,

1876 4964 2290 5035 juramenlique
2382 4965 2962 5030 commonefacercm,
3022 4968 3472 5038 quandoquidem

1880 5057 2035 5114 civili
2074 5057 2221 5113 bello
2254 5057 2554 5123 distentus,
2604 5058 2672 5113 ad
2714 5059 2885 5114 urbes
2912 5059 3034 5115 illas
3064 5060 3330 5117 accedere
3358 5077 3473 5118 non

1882 5160 2129 5223 poteram
2159 5191 2173 5215 ,
2203 5152 2356 5206 auris
2388 5151 2754 5220 discerpenda
2790 5168 2910 5208 mea
2941 5153 3112 5209 verba
3154 5155 3416 5213 tradebas
3456 5174 3471 5210 :
3566 5178 3567 5181 η

1882 5254 1937 5299 et
1964 5253 2209 5314 egestate
2262 5244 2390 5297 illos
2446 5244 2883 5315 obsessioneque
2917 5246 3136 5302 assidua
3167 5263 3428 5318 premens
3452 5292 3470 5317 ,

1881 5346 2161 5408 postremo
2181 5338 2349 5392 etiam
2380 5338 2453 5393 ibi
2487 5339 2705 5393 civibus
2728 5339 3007 5409 primariis
3041 5342 3277 5411 pecunia
3300 5349 3476 5399 trans-

1883 5429 2083 5483 versim
2153 5430 2313 5494 actis,
2346 5429 2537 5483 urbem
2568 5430 2633 5483 ad
2664 5439 2714 5483 te
2743 5430 2977 5484 allexisti
3005 5449 3020 5486 :
3045 5434 3472 5502 etpostmodum

1882 5536 2079 5590 magno
2141 5522 2393 5589 equitum
2439 5522 2798 5591 peditumque
2860 5539 3094 5578 numero
3127 5524 3471 5582 Thessaliam

1880 5624 1935 5667 et
1967 5615 2332 5668 Acarnaniam
2386 5615 2760 5670 Romanorum
2807 5618 3123 5685 provincias
3181 5619 3471 5687 invasisti,

1882 5720 1946 5760 ac
2007 5706 2424 5760 memorabiiem
2475 5707 2629 5761 illam
2684 5709 3051 5765 calamitatem
3106 5711 3382 5781 invexisti,
3410 5724 3473 5769 ut

1881 5798 2198 5853 Acarnanes
2236 5798 2309 5854 ob
2358 5798 2765 5856 intolerandam
2797 5800 3002 5857 famem
3046 5802 3115 5858 ad
3166 5804 3471 5862 maritimas
