4108 6320
135 372 215 432 165

134 575 362 642 εγκαλεῖν
396 576 523 639 τοὺς
559 574 749 643 φῶρας
772 590 785 604 ο
824 574 916 626 καὶ
957 573 1154 643 ὥσπερ
1188 592 1240 627 τι
1291 574 1402 626 τῶν
1451 574 1678 627 δικαίων

136 666 570 737 προϐαλλόμενος,
618 666 929 736 ἀπληστίαν
974 666 1282 730 ὀνειδίζεις,
1326 667 1409 718 ὅτι
1448 666 1508 717 τὸ
1542 663 1690 718 πλεῖ-

135 775 239 811 στον
264 760 357 826 τῆς
392 758 570 826 ἀρχῆς
608 756 897 828 Ῥωμαίων
923 760 1063 829 ἔχων
1088 758 1269 821 αὐτὸς,
1302 760 1383 809 σοὶ
1411 757 1504 809 τοῦ
1536 760 1689 810 ἐλάτ-

132 867 262 911 τονος
299 849 359 901 οὐ
419 847 684 917 βούλομαι
733 852 1107 920 παραχωρεῖν.
1152 849 1325 901 Τοῦτο
1361 849 1437 913 δὲ,
1490 845 1535 901 ὦ
1571 849 1690 915 βέλ-

133 957 279 1005 τιστε,
306 940 429 992 οὐδὲ
464 940 649 1014 ὀλίγου
677 942 759 994 δεῖ
787 941 881 993 τοῦ
915 941 1071 1006 λόγον
1104 940 1248 1010 ἔχειν
1298 943 1434 1010 πρδς
1462 941 1521 993 τὸ
1548 936 1688 993 εἶναι

134 1033 382 1101 εὐπρεπὲς
424 1033 521 1087 καὶ
567 1032 798 1086 δίκαιον.
840 1032 915 1083 Οὐ
952 1032 1059 1102 γὰρ
1101 1032 1164 1101 δὴ
1201 1033 1298 1102 τὴν
1331 1034 1534 1086 Μυσῶν
1586 1035 1687 1103 ἀρ-

133 1124 235 1193 χὴν,
259 1124 289 1194 ἢ
317 1124 642 1194 Παιόνων,ή
680 1140 841 1176 τινων
875 1123 1050 1175 ἄλλων
1090 1122 1421 1191 διειλόμεθα,
1459 1123 1491 1194 ἢ
1521 1142 1688 1191 προσ-

132 1213 243 1281 ῆκεν
267 1213 374 1266 οὐδ’
403 1214 577 1282 ἑτέρῳ
597 1227 611 1241 ’
641 1211 778 1264 ἀλλὰ
816 1210 916 1281 τῆς
962 1211 1087 1281 ἐμοὶ
1118 1210 1505 1280 προσηκούσης
1554 1211 1686 1262 Ῥω-

138 1305 285 1371 μαίων
316 1304 615 1373 ἡγεμονίας
648 1305 747 1356 οὐκ
781 1304 963 1370 ὀλίγον
1000 1304 1167 1371 μέρος
1196 1302 1559 1369 ἀφελόμενος,
1591 1302 1686 1354 καὶ

135 1398 268 1465 χάριν
310 1396 484 1461 ἀξιοῖς
519 1396 722 1449 είδέναι
769 1396 897 1466 περὶ
930 1397 1022 1447 τοῦ
1060 1394 1500 1467 ὑπολειφθέντος.
1545 1394 1687 1460 Ἐγὼ

134 1486 263 1539 δ’ὅτι
299 1487 396 1553 μὲν
429 1486 527 1537 καὶ
570 1488 699 1556 πρὶν
742 1489 820 1547 εἰς
849 1484 1009 1537 τοῦτο
1040 1484 1196 1550 ἥκειν
1225 1485 1504 1553 σχήματος
1546 1484 1683 1536 Ῥω-

136 1578 285 1645 μαίων
314 1574 507 1648 ἦρχον,
545 1578 873 1649 ἀποφαίνειν
932 1577 1033 1630 οὐκ
1066 1578 1305 1647 ἀνάγκη,
1340 1578 1556 1631 πάντων
1591 1594 1687 1629 σα-

133 1670 351 1736 φέστατα
381 1670 625 1724 εἰδότων.
661 1670 809 1740 Πλὴν
847 1669 966 1722 ἀλλ’
990 1672 1038 1723 εί
1094 1673 1187 1723 καί
1216 1671 1452 1740 ἀφανείᾳ
1512 1669 1681 1740 πολλῇ

133 1759 180 1810 τὸ
205 1758 459 1827 πρότερον
490 1759 692 1824 συζῶν,
722 1760 918 1831 ἀθρόον
951 1758 1224 1830 ἑωρώμην
1260 1760 1550 1828 Ῥωμαίων
1583 1758 1685 1828 βα-

1306 372 1355 429 Η
1371 364 1842 431 15ΤΟΗῘΑΒΗΜ
1880 366 2107 427 LIBER
2152 366 2248 428 iV.

134 484 248 543 λείςο
279 482 666 551 παραπλήσιον
693 466 863 533 ποιῶν
889 483 953 551 τῇ
983 480 1276 552 παροιμίᾳ,
1307 482 1339 551 ἡ
1363 499 1495 550 φησι
1522 497 1688 550 προσ·

1792 478 2166 547 principatum
2211 521 2226 543 ,

3279 368 3377 431 166

2318 479 2787 549 quemadmodum
2862 481 2916 533 in
2993 481 3373 539 haereditate":

1794 568 2086 637 quamdam
2112 578 2393 636 paternam
2422 572 2760 625 smeessisse
2780 571 3107 633 arbitrarer,
3139 574 3376 642 totisque

1796 662 2007 715 viribus
2048 662 2276 723 debere,
2311 670 2365 714 et
2394 663 2679 716 verissime
2712 679 2894 731 posse,
2937 678 3046 717 non
3087 663 3262 716 solum
3306 666 3374 719 de

1794 751 1861 804 iis
1922 769 2045 820 qum
2088 763 2141 805 tu
2169 753 2429 815 avellisti,
2471 754 2564 807 sed
2609 754 2676 807 de
2727 756 3035 809 minoribus
3067 771 3286 824 qumque
3319 766 3375 809 et

1795 845 1949 909 parvi
1987 846 2249 899 ammenti
2286 862 2410 899 eum
2464 847 2663 915 quovis
2704 848 3073 910 contendere,
3112 850 3375 918 iilumque

1796 934 1847 986 ni
1882 933 2113 1001 justitize
2149 952 2350 989 munus
2400 948 2663 1005 prmstare
2710 939 2886 1003 velit,
2938 938 3085 992 bello
3129 941 3375 1009 aggredi.

1796 1023 1913 1077 Non
1942 1026 2117 1076 solum
2153 1037 2335 1079 autem
2381 1028 2484 1080 hoe
2512 1028 2860 1082 firmamento
2896 1045 3059 1082 causa
3092 1045 3209 1083 mea
3242 1032 3376 1084 niti-

1794 1123 1903 1178 tur,
1946 1115 2038 1168 sed
2074 1116 2391 1184 juramento
2433 1119 2677 1185 insuper,
2711 1135 2821 1187 quo
2856 1130 2904 1172 te
2957 1120 3090 1173 mihi
3118 1163 3131 1183 ,
3166 1129 3220 1174 et
3250 1124 3378 1191 (μιτ-

1792 1203 1916 1257 dem
1954 1207 2195 1258 nondum
2240 1208 2410 1260 totius
2448 1208 2827 1261 Romanorum
2874 1210 3091 1279 imperii
3135 1212 3376 1281 compoli

1795 1294 2168 1349 obstrinxisti.
2203 1298 2400 1350 Parum
2432 1300 2579 1353 enim
2610 1310 3045 1356 consentaneum
3070 1314 3233 1364 esset,
3260 1314 3373 1357 tum

1791 1402 1972 1454 neque
2000 1388 2419 1441 circumstantes
2461 1404 2549 1441 me
2586 1392 2830 1459 undique
2852 1406 3033 1453 casus,
3065 1409 3241 1461 neque
3270 1396 3378 1448 Bo-

1791 1491 2081 1529 manorum
2114 1487 2324 1531 tantum
2364 1478 2418 1532 in
2466 1494 2553 1533 me
2585 1481 2796 1539 odium,
2827 1498 3000 1549 neque
3035 1484 3180 1551 quod
3214 1501 3375 1554 opem

1791 1574 1940 1619 tuam
1978 1569 2376 1636 implorabam,
2435 1586 2546 1639 quo
2572 1571 2803 1625 aliorum
2862 1573 3125 1629 dominus
3178 1579 3376 1629 evade-

1794 1674 1935 1722 rem,
1986 1675 2167 1727 neqne
2216 1661 2363 1714 aliud
2403 1661 2685 1732 quippiam
2718 1680 2934 1739 eorum,
2969 1682 3089 1735 qua:
3122 1679 3250 1739 tunc
3281 1671 3377 1723 ad-

1791 1766 1947 1805 versa
1984 1752 2143 1806 nobis
2167 1752 2523 1818 videbantur,
2559 1756 2698 1807 mihi
2734 1759 3191 1824 persuasisse,~ut
3219 1761 3376 1815 urbi-

135 1848 328 1915 σιλεὺς,
373 1849 550 1914 οὕτως
595 1850 662 1904 ἂν
695 1827 882 1921 ἠξίουν
942 1827 1050 1903 τῶν
1104 1827 1687 1921 προϐεϐασιλευκότων

1791 1843 1896 1897 bus
1940 1843 2207 1898 Romanis
2241 1845 2338 1898 tibi
2373 1845 2653 1910 cederem,
2692 1845 2785 1899 sed
2820 1840 2968 1899 mori
2995 1859 3329 1918 praeoptasse
3355 1890 3371 1915 ,

132 1933 252 2001 ἔχειν
274 1937 367 2007 τὴν
396 1938 594 2007 ἀρχὴν,
625 1937 815 2008 ὥσπερ
865 1939 990 1991 τινὰ
1026 1940 1291 2010 ’πατρῷον
1331 1938 1555 2008 κλῆρον,
1594 1938 1688 1990 καὶ

130 2025 273 2078 παντί
297 2043 373 2096 τῳ
400 2029 609 2090 δίκαιος
638 2028 704 2083 ἂν
752 2027 842 2100 ἦν,
875 2031 1003 2102 περὶ
1034 2007 1305 2085 τοσούτων
1338 2033 1501 2101 μόνον
1547 2033 1687 2084 ὅσων

131 2120 496 2191 ἀπεστέρησας
533 2124 716 2189 αὐτὸς,
742 2124 879 2177 ἀλλά
926 2125 1021 2178 καὶ
1071 2124 1199 2195 περὶ
1239 2124 1560 2191 ἐλαττόνων,
1594 2127 1688 2179 καὶ

128 2211 222 2265 τῶν
245 2212 509 2283 τυχόντων
536 2217 922 2286 ἀμφισϐητεῖν,
945 2218 1039 2270 καὶ
1061 2217 1296 2287 πόλεμον
1315 2220 1513 2285 κινεῖν,
1542 2221 1589 2271 εί
1612 2217 1689 2289 μὴ

130 2302 363 2379 ἐϐούλετο
389 2306 457 2358 τὰ
481 2307 668 2359 δίκαια
704 2312 912 2362 πονεῖν.
953 2309 1107 2377 Ἐμοὶ
1139 2309 1192 2361 δὲ
1225 2310 1286 2361 οὐ
1322 2310 1486 2362 τοῦτο
1526 2300 1688 2379 μόνον

128 2393 368 2462 πρόσεστι
401 2396 703 2467 δικαίωμα,
738 2397 875 2451 ἀλλά
922 2396 1017 2450 xa't
1066 2399 1113 2451 οἱ
1180 2398 1354 2469 ὅρκοι,
1396 2399 1491 2462 οὓς
1526 2400 1688 2462 αὐτὸς

128 2481 353 2553 ἐποιήσω
387 2486 527 2556 πρὸς
567 2486 691 2555 ἐμὲ,
722 2472 901 2539 καίτοι
961 2489 1189 2558 μηδέπω
1237 2488 1337 2558 τὴν
1388 2489 1687 2559 ἠγεμονίαν

130 2572 293 2626 πᾶσαν
344 2575 540 2645 ἔχοντα
607 2574 919 2645 Ῥωμαίων.
958 2579 1194 2630 Ἀτοπον
1245 2578 1355 2649 γὰρ
1407 2581 1530 2631 τότε
1586 2580 1687 2650 μὲν

132 2663 256 2732 μήτε
284 2663 382 2735 τὴν
433 2664 811 2734 περισχοῦσαν
858 2666 1225 2737 δυσπραγίαν,
1264 2668 1405 2739 μήτε
1444 2670 1505 2721 τὸ
1556 2669 1687 2723 Ῥω-

131 2752 306 2821 μαίους
354 2755 480 2823 ἐμοὶ
530 2755 786 2809 τοσοῦτον
836 2757 1354 2829 ἐκπεπολεμῶσθαι,
1422 2760 1550 2831 μήθ’
1600 2763 1683 2815 ὅτι

130 2842 253 2910 πρὸς
282 2842 378 2913 τὴν
434 2844 534 2915 σὴν
595 2846 917 2917 ἐπικουρίαν
970 2849 1260 2921 ἀφεώρων,
1293 2849 1433 2904 ὥστε
1463 2852 1688 2923 δυνήσει

132 2933 242 2986 σθαι
272 2936 380 2989 τῶν
425 2937 603 2991 ἄλλων
628 2933 794 2993 κεῖναι
819 2940 1033 3010 κύριος,
1069 2943 1197 3013 μήτ’
1223 2943 1353 2997 ἄλλο
1377 2946 1549 3015 μηδὲν
1579 2948 1687 3002 τῶν

130 3029 454 3096 φαινομένων
505 3028 627 3081 τότε
687 3029 983 3100 δυσχερῶν,
1039 3035 1120 3086 σοὶ
1169 3038 1353 3089 πεῖσαι
1407 3039 1516 3091 τῶν
1557 3040 1688 3095 Ῥω-

132 3114 299 3182 μαίοις
337 3117 609 3186 ὑπηκόων
684 3120 895 3174 πόλεων
956 3128 1519 3196 παρακεχωρηκέναι,
1568 3132 1682 3185 ἀλλ’
1711 3151 1753 3210 C

127 3206 385 3276 αίρεῖσθαι
417 3209 624 3277 μᾶλλον
658 3210 1050 3279 ἀποθνήσκειν,
1085 3214 1119 3285 ἡ
1150 3230 1201 3267 τι
1225 3219 1488 3287 πράττειν
1520 3222 1683 3290 ἀγεν-

129 3297 226 3365 νὲς,
252 3301 316 3355 σὲ
351 3300 409 3355 δὲ
446 3301 650 3372 μᾶλλον
682 3304 783 3367 τὰς
825 3304 1123 3375 Ῥωμαίοις
1182 3300 1462 3376 ὑπηκόους
1502 3315 1687 3377 πόλεις

129 3389 241 3459 ἐμοὶ
267 3395 453 3446 πεῖσαι
477 3393 827 3465 ψηφίσασθαι
863 3400 1201 3470 προσήκειν·
1238 3405 1355 3456 νυνὶ
1382 3405 1430 3457 δ’
1458 3407 1547 3459 ὅτε
1583 3409 1688 3478 τῆς

126 3480 287 3554 ἀρχῆς
326 3484 549 3554 ἀπάσης
581 3486 771 3558 κύριος
812 3489 974 3551 αὐτὸς
1007 3494 1305 3563 κατέστην,
1333 3498 1428 3549 καὶ
1453 3498 1687 3571 δύναμιν

125 3572 504 3631 ἀνακαλεῖσθαι
536 3576 604 3630 τά
631 3582 961 3653 ἀφῃρημένα
992 3582 1122 3653 ἔχω,
1164 3585 1196 3654 ἢ
1223 3588 1519 3659 φρονήσειν
1543 3591 1688 3645 οὕτω

128 3661 296 3734 δοῦλα,
328 3667 461 3722 ὥσθ’
504 3671 685 3724 ἑκοντὶ
732 3676 1083 3746 παραχωρεῖν
1121 3675 1231 3729 τῶν
1286 3679 1519 3747 πόλεων,
1559 3683 1592 3752 ἢ
1628 3681 1688 3736 σὲ

126 3752 273 3823 λόγον
309 3759 528 3815 οἴεσθαι
559 3759 741 3837 λέγειν
792 3764 987 3833 ἔχοντα
1022 3768 1246 3821 τοιαῦτα
1274 3772 1548 3835 ἀξιοῦντα.
1599 3775 1687 3839 Ὠς

131 3846 224 3913 μὲν
247 3844 334 3902 οὖν
363 3853 466 3904 οὐκ
491 3854 714 3918 ἀδικῶν,
751 3856 872 3909 οὐδὲ
902 3859 1179 3928 ἐπιορκῶν
1214 3862 1379 3926 αὐτὸς
1406 3864 1530 3918 οὔτε
1555 3869 1688 3937 πρό-

130 3954 275 4026 τερον
308 3944 592 4014 φαίνομαι,
626 3945 749 4001 οὔτε
795 3948 911 4013 νῦν,
948 3951 1010 4005 ἐκ
1037 3952 1146 4006 τῶν
1178 3955 1488 4026 εἰρημένων
1521 3961 1687 4013 πᾶσιν

128 4024 259 4085 εἶναι
286 4034 470 4105 οἴομαι
523 4039 854 4105 καταφανές.
883 4040 944 4094 Εί
975 4044 1074 4111 μὲν
1102 4040 1219 4111 οὖν,
1252 4024 1429 4101 είκαὶ
1454 4050 1529 4121 μὴ
1555 4052 1689 4119 πρό-

128 4137 297 4191 τερον,
340 4127 479 4187 ἀλλά
527 4130 624 4181 νῦν
651 4130 809 4198 γοῦν,
837 4133 910 4186 τὰ
938 4132 1125 4189 δίκαια
1161 4142 1334 4191 ποιεῖν
1361 4142 1567 4206 ἐθέλεις
1596 4146 1688 4198 καὶ

128 4214 299 4282 αὐτὸς,
331 4220 423 4273 καὶ⁸
459 4220 825 4291 Ἀκαρνανίαν
859 4225 1194 4291 ἀποδιδόναι,
1230 4233 1324 4284 καὶ
1371 4232 1688 4305 Θετταλίαν,

127 4308 212 4359 καὶ
238 4310 334 4373 τὰς
364 4312 529 4375 ἄλλας
559 4313 625 4377 ἃς
651 4315 795 4383 ἔχεις
835 4316 936 4387 τῆς
969 4320 1311 4386 Μακεδονίας
1344 4324 1552 4393 πόλεις,
1591 4329 1691 4399 τῆς

127 4401 385 4470 προτέρας
417 4403 633 4469 ἀδικίας
676 4406 856 4476 ὀλίγον
901 4412 1199 4482 ποιήσομαι
1239 4414 1333 4469 τὸν
1378 4415 1559 4484 λόγον,
1592 4421 1691 4490 τῆς

1790 1949 1954 2004 quam
1990 1933 2277 2005 indignum
2309 1937 2610 2005 quidquam
2654 1938 2976 1999 admittere,
3026 1949 3082 1995 et
3124 1950 3174 1994 te
3198 1944 3378 2010 potius

1790 2027 2160 2095 permovisse,
2190 2039 2249 2082 ut
2308 2028 2688 2083 Romanorum
2717 2032 2975 2084 civitates
3013 2031 3145 2084 mihi
3180 2030 3375 2087 deberi

1793 2116 2130 2172 decerneres
2175 2134 2189 2172 :
2239 2124 2388 2173 nunc
2423 2119 2646 2188 quando
2684 2128 2857 2173 totum
2899 2118 3378 2195 iqmanuhabeo

1792 2209 2108 2281 imperium,
2138 2218 2193 2263 et
2220 2224 2283 2263 ea
2313 2202 2449 2263 sum~
2473 2213 2740 2280 potentia,
2770 2223 2828 2265 ut
2852 2212 3028 2265 ablata
3057 2228 3394 2285 recuperare.

1790 2313 2012 2367 queam,
2047 2308 2144 2354 aut
2188 2301 2259 2354 ita
2305 2303 2603 2356 summisso
2676 2318 2737 2357 ac
2779 2303 2965 2357 servili
2995 2319 3117 2359 esse
3169 2306 3374 2368 animo,

1794 2398 1850 2442 ut
1900 2390 2070 2444 urbes
2125 2391 2227 2445 tibi
2263 2392 2473 2464 volens}
2516 2394 2864 2462 relinquam,
2923 2405 3017 2449 aut
3054 2409 3269 2463 putare,
3324 2404 3376 2451 te

1791 2482 1934 2535 istuc
1967 2482 2361 2552 postulantem.
2398 2483 2598 2538 rationi
2641 2486 3044 2539 convenienter
3083 2486 3254 2554 loqui.
3294 2488 3374 2541 Me

1794 2570 1964 2641 igitur
1998 2588 2098 2626 nec
2130 2573 2394 2641 injurium
2418 2614 2433 2639 ,
2467 2588 2571 2628 nec
2593 2578 2877 2644 perjurum
2904 2576 2991 2629 vel
3031 2586 3155 2631 ante
3186 2578 3376 2644 fuisse,

1791 2663 1877 2717 vel
1920 2663 2085 2716 modo
2126 2678 2269 2728 esse,
2301 2679 2369 2719 ex
2408 2665 2573 2719 dictis
2624 2677 2812 2735 patere
2852 2668 3112 2721 omnibus
3156 2671 3374 2737 opinor.

1790 2754 1973 2820 Quare
1999 2756 2045 2810 si
2074 2756 2159 2811 vel
2182 2746 2346 2812 nunc
2381 2759 2594 2811 servire
2636 2760 2865 2828 justitiu:
2920 2770 2974 2813 et
3008 2762 3251 2831 a-quitati
3287 2772 3404 2829 est,“

1792 2849 2033 2907 animus,
2069 2856 2125 2902 et
2162 2850 2554 2919 Acarnaniam,
2592 2850 2958 2919 Thessaliam,
3003 2860 3168 2922 atque
3212 2858 3377 2911 urhes

1790 2953 1927 3008 quas
1963 2937 2137 2993 habes
2193 2939 2245 2993 in
2300 2940 2648 3003 Macedonia,
2700 2943 3015 3005 restituere,
3067 2948 3376 3014 prreterilas

1791 3031 2023 3101 injurias
2053 3032 2198 3085 haud
2234 3033 2288 3086 in
2324 3049 2520 3103 magno
2542 3049 2740 3102 ponam
2767 3036 3091 3092 discrimine
3114 3057 3128 3093 :
3153 3042 3376 3108 quando

1790 3136 1889 3176 eas
1917 3138 2110 3177 amore
2169 3134 2226 3178 et
2258 3124 2466 3178 honore
2506 3125 2641 3179 mihi
2678 3127 3019 3195 temporibus
3058 3129 3191 3185 meis
3217 3132 3375 3185 exhi-

1789 3216 1908 3269 bito
1936 3231 2298 3286 eompensas,
2337 3217 2761 3286 instauratoque
2801 3217 3014 3272 foedere
3072 3229 3138 3291 rt
3191 3238 3375 3277 sacra—

1790 3316 2002 3372 mento,
2029 3308 2097 3362 de
2125 3307 2337 3378 integro
2369 3317 2428 3361 ut
2463 3307 2702 3360 amicum
2748 3316 2802 3362 et
2836 3298 3141 3368 socium'te
3167 3312 3375 3381 ample-

1790 3423 1931 3478 ctar,
1964 3427 2296 3480 rursumque
2337 3410 2523 3465 studio
2565 3421 2733 3479 atque
2778 3412 3124 3466 observantia
3162 3422 3252 3468 tua
3290 3414 3376 3469 di-

1789 3521 1956 3579 gnum
1984 3520 2071 3559 me
2104 3503 2173 3558 ab
2205 3502 2367 3557 initio
2394 3502 2704 3557 ostendam.
2753 3502 2847 3557 Sin
2894 3516 3077 3560 autem
3128 3509 3213 3577 ius
3261 3509 3372 3563 fas-

1789 3613 1898 3668 que
1927 3594 2262 3661 contemnis,
2309 3603 2366 3649 et
2416 3594 2672 3664 injuriam
2725 3594 2933 3650 inferre
3018 3613 3081 3652 ac
3129 3600 3376 3668 pejcrare

1792 3684 2091 3750 imbibisti,
2116 3699 2215 3756 ego
2246 3683 2313 3738 de
2344 3682 2596 3737 Romano
2622 3684 2853 3752 imperio
2884 3684 3021 3745 nihil
3055 3686 3326 3742 dimittam
3358 3706 3371 3741 :

1791 3777 1965 3832 Deum
1991 3773 2503 3845 verojurisjurandi
2536 3774 2853 3855 prazsidem,
2882 3785 2939 3830 et
2968 3775 3240 3839 homines,
3274 3779 3369 3847 qui

1794 3878 1925 3921 tunc
1953 3864 2203 3929 aderant,
2234 3878 2358 3918 eum
2381 3864 2685 3932 iuraretur,
2722 3871 2778 3917 et
2810 3878 2955 3918 nunc
2981 3865 3200 3931 adsunt,
3239 3867 3370 3920 dum

1796 3962 1861 4013 ad
1889 3958 2206 4029 aequitatem
2230 3969 2493 4026 proveco,
2532 3964 2588 4009 et
2616 3954 2761 4010 bello
2790 3956 3158 4028 supersedere
3188 3962 3374 4028 cupio,

1760 4054 1764 4069 τ
1793 4051 1989 4113 Deum,
2018 4048 2268 4118 inquam,
2295 4045 2664 4115 hominesque
2697 4054 2895 4113 testor,
2945 4050 3050 4105 nisi
3078 4053 3170 4121 jus
3196 4069 3375 4108 meum

1792 4155 2118 4210 consequar,
2145 4154 2231 4193 me
2262 4136 2431 4192 armis
2450 4175 2464 4200 ,
2488 4148 2544 4191 et
2576 4137 2901 4208 quaehaheo
2928 4156 3281 4203 conservare,
3319 4156 3376 4198 et

1793 4250 1915 4305 qua:
1944 4231 2127 4286 ablata
2164 4236 2293 4283 sunt
2326 4229 2576 4297 recipere
2606 4240 2959 4287 conaturum.
2982 4233 3140 4300 Quod
3177 4235 3219 4288 si
3248 4236 3376 4292 inde

1792 4324 2106 4391 evenerint,
2136 4336 2261 4392 quae
2302 4330 2358 4375 tu
2386 4322 2614 4375 minime
2648 4323 2841 4386 velles,
2872 4339 2940 4378 ne
2970 4323 3128 4388 mihi,
3160 4327 3251 4379 sed
3276 4328 3375 4382 tibi

1794 4422 2062 4481 irascare,
2096 4413 2191 4483 qui
2220 4411 2420 4483 juratis
2447 4426 2670 4466 manere
2695 4414 2962 4468 nolueris.

126 4497 298 4562 φιλίας
341 4500 723 4570 ἀμειϐόμενος.
773 4506 868 4557 καὶ
916 4506 1014 4577 τῆς
1048 4510 1385 4581 φιλοτιμίας,
1410 4507 1477 4584 ἦς
1528 4516 1692 4584 ἡνίκα
1732 4517 1964 4585 ἐδεόμην
2033 4509 2313 4573 ἐπεδείξω,
2346 4507 2441 4561 καὶ
2512 4508 2613 4571 τὰς
2662 4511 2937 4579 προτέρας
2991 4512 3375 4580 ἀνανεωσάμε-

127 4603 207 4651 νος
234 4592 485 4658 σπονόας,
524 4594 620 4647 καὶ
646 4598 1021 4667 τοὺςὸρκους,
1058 4597 1213 4665 αὖθις
1284 4604 1577 4675 σύμμαχον
1650 4612 1745 4663 καὶ
1780 4609 1934 4677 φίλον
1976 4600 2127 4671 ἔξω,
2161 4603 2256 4656 καὶ
2302 4600 2643 4671 πειράσομαι
2698 4602 2934 4670 ἐμαυτὸν
2987 4603 3377 4655 ἀποδεικνύναι

126 4679 270 4744 αὖθις
309 4683 545 4761 ἐξαρχῆς
578 4686 728 4751 ἄξιον
757 4689 857 4757 τῆς
890 4694 1041 4763 παρὰ
1098 4693 1190 4746 σοῦ
1240 4697 1553 4767 φιλοτιμίας
1591 4702 1686 4755 καὶ
1726 4701 1988 4770 σπουδῆς.
2036 4698 2099 4751 Ei
2150 4696 2194 4750 δ’
2252 4689 2408 4756 αὖθις
2452 4693 2605 4745 οὐδὲν
2679 4693 2887 4746 δίκαιον
2947 4697 3122 4747 ποιεῖν
3166 4696 3375 4764 διανοῇ,

126 4773 231 4827 ἀλλ’
256 4776 465 4831 ἀδικεῖν
488 4780 728 4846 είσάπαξ
796 4783 967 4851 ἔγνως
1008 4787 1122 4839 καὶ
1154 4790 1460 4858 ἐπιορκεῖν,
1497 4792 1631 4861 ἐγὼί
1674 4794 1784 4864 μὲν,
1812 4795 1921 4847 τῶν
1963 4786 2355 4863 προσηκόντων
2397 4790 2463 4863 τῇ
2508 4788 2799 4855 Ῥωμαίων
2858 4786 3106 4857 βασιλείᾳ
3163 4788 3377 4849 οὐδενὸς

127 4872 510 4943 παραχωρήσει)
531 4890 545 4902 ⁵
576 4873 709 4928 θεὸν
751 4876 807 4929 δὲ
839 4880 1259 4949 μαρτυράμενος
1294 4882 1382 4953 rev
1407 4884 1604 4957 ἔφορον
1626 4888 1736 4940 τῶν
1766 4890 1967 4958 ὅρκων,
1999 4886 2094 4938 καὶ
2114 4880 2458 4954 ἀνθρώπους,
2503 4880 2552 4934 οἳ
2610 4882 2730 4934 τότε
2785 4899 2844 4935 τε
2898 4881 3155 4951 παρῆσαν
3178 4882 3236 4933 ἐν
3266 4883 3379 4942 τοῖς

126 4962 443 5030 ὅρκοις.καὶ
467 4965 562 5020 νῦν
594 4967 870 5040 πάρεισιν,
940 4973 1075 5041 ἐμοῦ
1132 4976 1200 5027 τὰ
1273 4976 1464 5032 δίκαια
1530 4980 1997 5051 προκαλουμένου,
2038 4980 2131 5032 καὶ
2187 4978 2478 5030 καταλύειν
2522 4977 2614 5029 τὸν
2659 4977 2893 5045 πόλεμον
2956 4977 3255 5038 ἐθέλοντος,
3311 4975 3381 5028 ἂν

127 5061 373 5127 τυγχάνω
416 5062 527 5115 τῶν
556 5061 806 5131 δικαίων,
849 5067 1187 5137 πειράσομαι
1221 5073 1335 5134 τοῖς
1365 5073 1553 5137 ὅπλοις
1592 5076 1693 5147 τήν
1723 5093 1783 5129 τε
1812 5072 1979 5128 οὖσαν
2005 5072 2317 5136 διασώζειν,
2349 5072 2442 5122 καὶ
2466 5072 2564 5141 τὴν
2608 5072 2974 5141 ἀφῃρημένην
3030 5072 3203 5140 ἀρχὴν
3244 5072 3377 5123 ἀνα-

129 5150 425 5207 καλεῖσθαι.
455 5156 558 5208 Ἢν
613 5155 671 5208 δέ
734 5173 858 5210 τινα
903 5158 1179 5232 συμϐαίνῃ
1226 5161 1465 5235 δυσχερῆ
1514 5166 1602 5221 διὰ
1650 5167 1743 5221 τὶν
1778 5166 2038 5237 πόλεμον,
2070 5164 2145 5236 μὴ
2181 5164 2303 5234 ἐμοὶ
2330 5163 2426 5235 τὴν
2458 5163 2664 5225 αἰτίαν,
2700 5163 2837 5216 ἀλλά
2862 5163 3044 5233 σαυτῷ
3077 5165 3186 5214 τῶν
3234 5180 3381 5231 γινο·

131 5244 300 5312 μένων
334 5246 412 5317 μὴ
445 5245 651 5319 εὔορκα
675 5252 849 5303 ποιεῖν
875 5251 1333 5321 προσλογίζεσθαι
1362 5256 1620 5312 ἐθέλοντι.

1433 5371 1597 5441 739
1635 5370 1859 5429 CAPUT
1902 5373 2043 5427 χχι.

132 5451 306 5511 Crates
338 5455 664 5533 obmutescit,
722 5459 1017 5533 perjurium
1067 5461 1385 5533 conﬁtetur;
1428 5464 1607 5517 ablata
1640 5468 1913 5517 restituere
1956 5483 2059 5519 non
2110 5467 2254 5530 vnit;
2300 5482 2354 5519 re
2403 5481 2505 5518 non
2540 5454 2825 5533 composita
2863 5463 3171 5533 disceditur.
3198 5460 3378 5526 Quan-

194 5535 371 5605 topere
401 5527 1026 5605 imperatoremHtimeat.
1078 5529 1211 5605 Ejus
1260 5534 1586 5605 pertinacia,
1644 5538 1882 5605 quamvis
1933 5537 2125 5589 timidi.
2170 5527 2347 5601 Quare
2396 5536 2555 5588 urbes
2613 5527 2840 5587 retinere
2892 5538 3089 5605 cupiat.
3133 5532 3377 5585 Testatur

194 5552 371 5595 wpcrc
401 5552 777 5595 lmpcruturcm
826 5552 1026 5581 ιιιηειιι.
1078 5552 1211 5598 Ejus
1269 5552 1586 5599 perunacm,
1682 5552 1882 5589 uumris
1933 5552 2125 5589 timidi.
2170 5552 2347 5601 uitare
2396 5552 2548 5588 urbes
2613 5552 2840 5587 retinere
2892 5552 3089 5605 cupiat.
3134 5552 3375 5585 testatur

191 5596 483 5674 imperator
513 5611 568 5674 se
603 5598 672 5648 ad
707 5596 1047 5674 bellumnejus
1078 5602 1412 5666 improbitate
1441 5607 1574 5672 cogi.
1622 5552 1865 5657 Tycrretur
1898 5606 2105 5669 Crates,
2140 5616 2187 5660 et
2223 5607 2407 5674 pudori
2436 5622 2528 5658 sua
2556 5607 2759 5657 consuli
2806 5618 2976 5674 rogat.
3026 5603 3375 5673 lniquitatcm

194 5665 241 5717 ei
264 5680 481 5718 rursum
507 5666 796 5736 imperator
832 5665 1046 5735 objiéit;
1078 5665 1195 5723 cum
1230 5687 1288 5723 eo
1316 5674 1463 5726 urbes
1499 5665 1752 5742 partitur,
1784 5693 1843 5729 ac
1873 5694 2058 5747 pacem
2094 5665 2248 5745 facii,
2306 5686 2461 5746 atque
2498 5678 2565 5728 ad
2608 5675 2787 5745 epulas
2828 5665 3057 5728 adhibet.

196 5779 435 5836 Τοιαῦτα
488 5783 588 5855 μὲν
637 5785 1087 5856 Καντακουζηνὸς
1119 5788 1144 5838 ό
1182 5787 1435 5855 βασιλεὺς
1488 5790 1571 5857 ἐφ’
1612 5785 1688 5853 οἷς

1876 5789 1997 5846 llaec
2021 5792 2368 5862 imperatoris
2388 5793 2451 5845 ad
2479 5792 2652 5847 Cralis
2675 5791 3116 5849 criminationem
3145 5803 3376 5862 respon-
