4108 6320
668 338 675 348 ι
731 299 831 361 167

1899 291 2227 355 JOANNIS
2268 284 2800 349 CANTACUZENI
3891 279 3980 345 ωε
4066 246 4067 255 Ν

724 417 806 470 sio
839 414 974 468 fuit:
1006 412 1094 466 cui
1128 426 1253 465 cum
1281 410 1369 465 ille
1394 425 1676 481 opponere
1705 410 1844 465 nihil
1875 416 2066 480 posset
2090 405 2317 477 (quippe

2433 400 2683 467 ἐγκαλεῖν
2713 399 2740 452 6
2767 395 2998 469 Κράλης
3044 394 3345 465 ἐπεχείρει,
3398 393 3773 465 ἀπεκρίνατοο
3802 396 3831 448 6
3860 396 3994 467 Κρά.

723 523 886 578 quem
932 505 1259 575 injuriarum
1346 514 1510 572 atque
1562 497 1806 573 perﬁdiae
1838 500 2173 557 conscientia
2217 499 2314 553 sti-

723 597 982 665 mularet)
1034 594 1259 664 paulum
1316 594 1628 648 conticuit:
1683 592 1880 647 deinde
1926 592 2315 660 imperatorem

724 687 985 758 rogavit,
1020 686 1099 740 uti
1154 684 1485 740 secedentes
1529 685 1599 740 de
1632 684 2010 740 controversia
2062 698 2159 738 sua
2195 682 2315 737 sine

722 778 955 831 arbitris
984 776 1458 843 colloquerentur.
1492 774 1724 839 Annuit,
1768 773 2059 828 secedunt.
2085 772 2165 827 lbi
2199 781 2315 826 tum

725 870 915 924 Crales
937 866 1214 927 conﬁteri,
1244 881 1302 921 se
1332 865 1490 920 ﬁdem
1524 881 1718 934 parum
1756 879 2003 922 sanctam
2033 864 2315 939 habuisse,

724 944 1043 1027 contraque
1076 957 1260 1027 fcedus
1308 951 1693 1011 Romanorum
1726 956 1926 1026 Oppida
1957 948 2254 1025 dccupasse
2300 974 2313 1009 :

726 1069 827 1106 nec
865 1062 1047 1104 tamen
1096 1049 1166 1103 ad
1193 1048 1541 1104 reddendum
1596 1050 1963 1119 propendere,
2004 1048 2098 1103 sed
2135 1063 2316 1113 orare,

726 1145 923 1198 collata
972 1144 1024 1195 in
1067 1158 1126 1197 se
1162 1142 1435 1196 beneﬁcia
1474 1142 1621 1210 apud
1654 1142 1899 1193 animum
1948 1141 2239 1201 recoleret,
2263 1143 2321 1191 et

729 1237 870 1289 hanc
924 1235 1029 1289 sibi
1080 1236 1314 1304 gratiam
1367 1234 1746 1302 persolveret,
1779 1243 1843 1285 ut
1886 1232 2156 1285 ambobus
2190 1230 2321 1284 reti-

728 1326 994 1380 nentibus
1047 1324 1195 1394 quod
1236 1324 1533 1387 haberent,
1567 1326 1640 1377 ita
1697 1323 1916 1377 demum
1969 1322 2148 1377 fmdus
2198 1320 2323 1375 feri-

734 1426 878 1471 rent.
932 1417 1071 1471 Cum
1122 1416 1262 1471 nihil
1313 1422 1399 1469 vel
1460 1416 1749 1468 minimum
1801 1415 2227 1476 concederetur,
2261 1429 2320 1469 re

730 1508 1081 1578 imperfecta,
1120 1507 1311 1561 Crales
1344 1507 1399 1559 in
1432 1515 1639 1569 castra,
1677 1507 1979 1576 imperator
2038 1507 2089 1560 in
2127 1506 2319 1560 urbem

729 1602 918 1656 rediit.
953 1599 1229 1655 Postridie
1263 1599 1473 1666 denuo,
1506 1611 1565 1654 ut
1605 1600 1749 1654 inter
1785 1614 1841 1653 se
1870 1599 2097 1668 polliciti
2120 1591 2281 1652 erant
2303 1638 2319 1664 ,

729 1696 1093 1768 conveniunt,
1124 1694 1438 1762 eademque
1506 1694 1800 1756 iterantur,
1853 1701 1908 1747 et
1942 1692 2121 1760 neque
2154 1692 2323 1760 impc-

731 1795 883 1840 rator
935 1785 1005 1841 de
1063 1784 1678 1854 repetitione-urbium
1730 1792 2125 1857 occupatarum
2163 1780 2324 1859 quid-

728 1894 893 1947 quam
927 1878 1240 1952 remittere,
1284 1892 1461 1945 neque
1513 1876 1703 1931 Crales
1728 1891 1822 1929 eas
1863 1875 2326 1952 reddere,_quan-

729 1986 897 2042 quam
916 1969 1162 2035 diceret,
1192 1950 1404 2021 tantum
1437 1983 1495 2021 se
1531 1968 1785 2021 timorem
1821 1950 2173 2034 imperatoris
2194 1981 2329 2020 con~

731 2062 969 2129 c’episse,
1001 2068 1064 2115 ut
1114 2062 1280 2113 etiam
1334 2058 1377 2111 si
1434 2074 1534 2127 per
1593 2058 1871 2113 somnium
1910 2072 2038 2112 eum
2070 2058 2324 2123 videret,

733 2154 922 2209 statim
958 2151 1481 2220 expergisceretur:
1520 2157 1598 2214 ct,
1627 2150 1670 2203 si
1704 2150 1770 2203 de
1807 2150 1949 2203 bello
1978 2164 2102 2203 cum
2137 2164 2203 2203 eo
2233 2166 2326 2219 ge-

732 2245 907 2299 rendo
969 2244 1260 2312 cogitaret,
1324 2250 1621 2310 antequam
1686 2258 1879 2295 somno
1920 2242 2325 2310 consopiretur,

708 2350 846 2405 prae
878 2342 1027 2387 metu
1080 2330 1248 2386 anxio
1296 2340 1518 2384 noctem
1558 2330 1831 2385 insomnia
1866 2330 2181 2385 traducere.
2216 2330 2327 2384 Ne-

732 2444 842 2498 que
874 2440 1005 2481 vero
1035 2425 1291 2504 Inprbum
1329 2424 1546 2477 celabat
1574 2440 1735 2478 suum
1769 2441 1781 2477 :
1808 2424 1939 2492 quin
1974 2425 2149 2492 palam
2180 2425 2325 2493 apud

735 2522 1038 2581 Romanos,
1067 2525 1121 2571 et
1148 2516 1427 2571 Triballos
1456 2517 1753 2581 narrabat,
1797 2531 1855 2569 se
1893 2516 1945 2568 in
1989 2515 2137 2568 omni
2168 2526 2325 2571 ante-

735 2620 856 2665 acta
892 2610 1003 2663 vita
1032 2608 1247 2662 nullum
1289 2607 1523 2675 perinde
1558 2608 1871 2668 mortalem,
1905 2617 1965 2658 ut
1990 2607 2324 2661 Cantacuze-

736 2707 869 2754 num
910 2697 1186 2761 timuisse,
1230 2695 1653 2764 horruisseque.
1716 2696 1783 2749 Et
1830 2695 1881 2747 in
1938 2696 2025 2747 illa
2068 2710 2331 2764 congres-

734 2791 891 2844 sione
924 2794 1212 2857 quazrente
1246 2786 1603 2853 imperatore,
1649 2785 1781 2853 quid
1810 2785 1879 2836 ita
1906 2786 2122 2839 tandem
2163 2786 2332 2839 dede-

675 2931 679 2934 .
738 2898 839 2937 cus
864 2889 1075 2933 tantum
1101 2878 1487 2941 conscivisset,
1508 2877 1638 2929 dum
1663 2879 1713 2931 in
1737 2868 2328 2931 senatme'enetorum

740 2987 797 3026 se
824 2970 1126 3039 allegisset,
1207 2962 1303 3036 qui
1340 2968 1520 3034 majus
1568 2974 1624 3019 et
1679 2966 1968 3031 illustrius,
2005 2982 2166 3034 quam
2203 2966 2329 3036 ipsi,

2420 490 2519 560 λης
2543 489 2599 543 δὲ
2633 491 2913 543 ἀντειπεῖν
2962 488 3064 541 οὑκ
3094 487 3235 558 ἔχων
3279 486 3417 558 πρὸς
3441 485 3618 553 οὑδέν,
3656 486 3876 558 συνῄδει
3898 490 3995 559 γάρ
4020 540 4032 549 ,

2396 646 2397 649 η
2422 582 2573 651 αὑτῷ
2605 583 2700 635 καλ⁴
2721 580 2963 645 ἀδικίαν,
2992 580 3088 636 καὶ
3113 581 3429 651 παράδοσιν
3466 579 3576 633 τῶν
3594 580 3801 649 ὅρκων,
3830 579 3995 648 ὀλίγον

2420 675 2621 744 ἐπέσχε
2676 675 2987 744 σιωπήσας.
3046 673 3285 726 Ἔπειτα
3345 670 3521 725 ἐδεῖτο
3574 670 3866 741 βασιλέως,
3903 672 3997 725 τῶν

2420 768 2599 823 ἄλλων
2630 767 2980 830 ἀποστάντας
3034 766 3184 836 μόνοι
3244 764 3591 833 διαλέγεσθαι
3645 765 3731 835 ἐφ’
3790 764 4001 829 ἑαυτοὺς

2422 860 2693 931 περὶτῶν
2746 858 3049 929 διαφορῶν.
3097 857 3253 910 Ἰαῖπελ.
3306 857 3363 910 δὲ
3415 858 3666 911 ἐπείθετο
3699 860 3727 910 6
3767 856 4000 927 βασιλεὺς

2423 954 2521 1007 καὶ
2550 952 2851 1021 ἀφίσταντο
2885 951 2994 1002 τῶν
3046 950 3246 1013 ἄλλων,
3271 949 3553 1019 ἐπιορκεῖν
3614 949 3713 1018 μὲν
3744 952 3771 1002 6
3801 948 4011 1019 K9613;

2422 1044 2718 1113 ὡμολόγει,
2753 1042 2845 1096 καὶ
2869 1042 3273 1111 παρασπονδεῖν
3300 1040 3399 1105 τὰς
3438 1041 3733 1110 Ῥωμαίων
3768 1042 3999 1111 κατέχων

2425 1136 2613 1200 πόλεις
2690 1136 2792 1188 οὑκ
2843 1115 3101 1186 ἐδούλετό
3145 1132 3204 1185 δὲ
3252 1132 3609 1186 ἀποδιδόναι·
3675 1131 3791 1185 ἀλλ’
3848 1134 4002 1185 ἐδεῖτο

2427 1229 2700 1301 βασιλέως
2738 1227 2848 1280 τῶν
2897 1227 2980 1289 είς
3037 1225 3204 1279 αὑτὸν
3247 1225 3636 1295 γεγενημένων
3689 1225 4004 1294 ἀπομνημο-

2430 1320 2681 1386 νεύοντα,
2720 1317 2926 1387 ταύτην
2954 1316 3054 1387 τὴν
3082 1317 3246 1386 χάριν
3278 1315 3640 1382 καταθέσθαι,
3686 1317 3748 1368 τὸ
3792 1316 4003 1387 ἔχοντας

2428 1414 2716 1480 ἑκάτερον,
2752 1412 2788 1466 ἃ
2825 1411 3041 1482 ἔχουσιν
3074 1411 3132 1465 ἐν
3150 1409 3227 1479 τῷ
3264 1410 3521 1481 παρόντι,
3562 1409 3811 1464 τίθεσθαι
3861 1427 4007 1464 σπον-

2427 1506 2550 1569 δάς.
2589 1504 2867 1567 Βασιλέως
2897 1503 2953 1555 δέ
2984 1500 3105 1571 οὐδὲ
3130 1501 3239 1555 τῶν
3269 1501 3628 1569 φαυλοτάτων
3657 1502 3873 1566 οὐδενὸς
3908 1519 4003 1555 πα-

2432 1596 2837 1669 ραχωρούντος,
2888 1595 3213 1663 διελύθησαν
3253 1594 3590 1662 ἀσύμϐατοι.
3633 1596 3748 1648 Καὶ
3796 1596 4005 1666 Κράλης

2435 1693 2532 1763 μὲν
2557 1691 2637 1753 είς
2669 1690 2729 1741 τδ
2762 1689 3153 1758 στρατόπεδον,
3192 1686 3447 1756 βασιλεὺς
3491 1687 3549 1739 δέ
3596 1688 3678 1749 είς
3726 1685 3826 1755 τὴν
3867 1686 4005 1738 πόλιν

2431 1783 2761 1850 ἐπανῆλθον,
2796 1783 2875 1843 είς
2899 1780 2997 1851 τὴν
3027 1780 3328 1848 ὑστεραίαν
3368 1779 3527 1843 αὖθις
3560 1778 4007 1848 ἐπαγγειλάμενοι

2429 1876 2683 1946 ἀλλήλοις
2716 1874 3005 1941 συντυχεῖν
3038 1888 3052 1903 ο
3091 1871 3187 1924 καὶ
3212 1873 3269 1929 ἐς
3300 1871 3400 1941 τὴν
3432 1869 3726 1939 ὑστεραίαν
3747 1868 4008 1921 συνελθόν-

2428 1986 2541 2030 τες,
2575 1967 2771 2034 λόγους
2828 1964 3114 2019 ἐποιοῦντο
3159 1962 3429 2034 περὶτῶν
3467 1962 3695 2031 ὁμοίων,
3758 1962 3854 2013 καὶ
3896 1959 4007 2012 οὔτε

2429 2061 2689 2131 βασιλεὺς
2731 2060 2863 2129 περ)⁸
2913 2057 3025 2112 τῶν
3074 2057 3462 2127 κατεχομένων
3522 2055 3760 2108 ἐνεδίδου
3793 2053 4006 2113 πόλεων,

2428 2154 2541 2208 οὑθ’
2559 2156 2587 2207 6
2610 2153 2835 2224 Κράλης
2862 2151 3131 2221 ὑπέμενεν
3162 2148 3519 2218 ἀφίστασθαι,
3572 2150 3753 2203 καίτοι
3780 2164 3843 2217 γε
3874 2147 4009 2211 ἔλεγε

2393 2223 2677 2315 ’Κράλης
2718 2249 2776 2308 ἐς
2819 2244 3076 2298 τοσοῦτον
3121 2242 3279 2306 δέους
3310 2241 3449 2312 πρὸς
3482 2239 3711 2309 βασιλέα
3759 2238 4010 2291 καθεστά-

2428 2355 2539 2399 ναι,
2580 2340 2656 2398 ὡς
2686 2338 2782 2389 καὶ
2808 2340 2867 2390 ἐν
2897 2336 3130 2403 ὀνείροις
3179 2335 3236 2387 εῖ
3284 2350 3418 2387 ποτε
3457 2334 3591 2403 όρᾷν
3633 2329 4030 2402 συμϐαίη,τοῦ·

2429 2426 2603 2480 ὕπνου
2636 2425 2977 2496 ἀφίστασθαι
3005 2424 3224 2489 αὐτίκα,
3280 2425 3377 2477 καὶ
3396 2423 3526 2493 πρὶν
3554 2423 3831 2492 ληφθῆναι
3853 2422 4010 2489 ὕπνῳ,

2430 2516 2638 2569 ἄϋπνον
2691 2496 3153 2585 διανυκτερεύειν,
3210 2514 3258 2567 εί
3304 2513 3575 2582 λογίζοιτο
3628 2512 3759 2583 περὶ
3817 2512 4011 2563 ἐκείνου

2438 2612 2587 2671 ὅπως
2620 2608 2727 2678 χρὴ
2764 2608 3052 2676 πολεμεῖν,
3092 2607 3149 2659 ἐν
3169 2607 3394 2677 ἀπόροις
3420 2606 3523 2659 ὑπὸ
3547 2605 3698 2666 δέους
3725 2602 4010 2667 καθεστώς.

2428 2702 2508 2753 ’οὑ
2551 2700 2649 2770 μὲν
2676 2700 2797 2753 οὑδέ
2828 2698 2968 2768 πρὸς
3011 2702 3137 2761 τοὺς
3166 2698 3269 2764 ἔξω
3294 2700 3357 2751 τὸ
3389 2698 3561 2761 πάθος
3592 2697 3975 2766 ἀπεκρύπτετο
3996 2737 4008 2760 ,

2432 2791 2548 2844 ἀλλ’
2574 2790 2879 2858 ἀναφανδὸν
2926 2789 3017 2841 καὶ
3054 2790 3191 2861 πρὸς
3226 2789 3542 2860 Τριϐαλοὺς
3570 2790 3667 2842 καὶ
3708 2788 4009 2859 Ῥωμαίους

2431 2882 2560 2943 τοὺς
2599 2880 2881 2945 συνόντας,
2927 2881 3133 2951 μηδένα
3178 2880 3489 2951 ἀνθρώπων
3531 2879 3685 2947 ἔλεγε
3735 2879 3824 2932 διὰ
3884 2880 4011 2949 βίου,

2439 2972 2576 3042 μήτε
2617 2972 2886 3041 πρότερον
2921 2970 3051 3042 μήθ’
3075 2970 3305 3040 ὕστερον
3343 2970 3535 3039 ὥσπερ
3563 2969 4014 3040 Καντακουζηνδν

740 3062 1038 3132 imperium
1071 3060 1325 3122 haberet,
1358 3059 1666 3127 respondit,
1725 3060 1843 3129 ejus
1889 3068 2036 3112 metu
2072 3059 2327 3113 adactum

2434 3062 2527 3145 τὸν
2561 3062 2789 3131 βασιλέα
2822 3056 3204 3130 ἐκπεπλῆχθαι
3233 3061 3328 3115 καὶ
3359 3054 3674 3115 δεδόικένὰι.
3708 3060 3821 3114 Καὶ
3857 3066 3914 3113 ἐν
3949 3062 4008 3130 τῇ

741 3153 794 3205 id
850 3152 1098 3205 fecisse:
1130 3159 1183 3205 et
1218 3151 1458 3220 adjecit,
1494 3151 1637 3204 nihil
1668 3150 1891 3209 mirum,
1927 3149 2073 3217 quod
2129 3164 2187 3203 se
2220 3149 2329 3204 huc

740 3243 1055 3300 demisisset
1081 3283 1095 3307 ,
1134 3244 1336 3297 mirum
1373 3242 1543 3312 magis
1576 3258 1684 3294 non
1726 3241 1890 3295 vilius
1936 3250 2099 3310 atque
2131 3242 2327 3311 despe-

741 3337 889 3389 ctius
917 3334 1126 3402 aliquid
1157 3348 1379 3388 ausum.
1408 3332 1477 3386 At
1509 3334 1657 3386 enim
1684 3348 1806 3385 cum
1835 3332 1926 3385 tali
1962 3332 2160 3386 timore
2182 3332 2329 3386 labo-

745 3436 918 3489 raret,
969 3441 1073 3479 nec
1120 3441 1246 3496 eum
1282 3424 1581 3493 'propalam
1639 3421 1889 3476 conﬁteri
1938 3423 2329 3489 erubesceret,

744 3513 921 3568 nihilo
962 3512 1147 3567 minus
1194 3511 1361 3565 urbes
1390 3504 1627 3578 reddere
1660 3512 2007 3566 detrectabat
2038 3514 2332 3582 :rogabat-

743 3624 876 3676 que.
906 3607 991 3660 uti
1026 3613 1238 3660 tantum
1288 3604 1469 3659 foedus
1518 3604 1713 3670 iceret,
1746 3612 2038 3660 contentus
2070 3604 2333 3660 Berrhma

746 3700 1036 3762 duntaxat,
1070 3708 1125 3752 et
1148 3697 1377 3763 Edessa,
1412 3698 1581 3768 790
1610 3699 1983 3767 castellisque,
2013 3707 2070 3754 et
2099 3699 2336 3768 oppidu-

744 3791 814 3845 lis
839 3790 987 3855 aliis,
1014 3804 1139 3860 quae
1171 3788 1237 3842 ad
1264 3800 1401 3845 eum
1436 3790 1793 3843 defecissent.
1837 3789 1901 3864 Et
1921 3849 1923 3853 Α
1947 3791 2163 3860 juratus
2190 3790 2337 3845 θωτ-

748 3883 957 3948 mabat,
994 3897 1104 3935 non
1142 3896 1201 3937 se
1228 3881 1399 3935 urbes
1425 3881 1703 3950 cupidinis
1724 3882 1907 3950 potius
1924 3896 2086 3950 quam
2109 3882 2337 3951 pudoris

749 3988 882 4045 ergo
906 3974 1173 4028 aﬂectare
1206 3991 1227 4028 :7
1257 3989 1421 4041 quem
1455 3975 1724 4044 pudorem
1754 3989 1864 4028 non
1896 3973 2041 4044 apud
2071 3975 2337 4029 domesti-

748 4083 847 4124 cos
896 4066 1093 4132 modo,
1143 4066 1236 4120 sed
1276 4067 1417 4120 alios
1454 4066 2030 4143 quoque-“ubicunque
2079 4058 2338 4138 dy'nastas

748 4158 851 4212 sibi
874 4156 1130 4222 incutiat,
1168 4156 1215 4209 si
1245 4166 1395 4209 metu
1438 4156 1794 4225 imperatoris
1841 4143 2339 4227 adeo'iperculsus

752 4250 1115 4319 dejectusque
1142 4246 1435 4310 videatur,
1466 4255 1527 4300 ut
1556 4255 1635 4302 tot
1664 4247 1863 4316 oppida
1891 4246 2009 4303 sine
2038 4263 2217 4317 pugna
2241 4246 2339 4301 de-

752 4350 921 4407 serat,
961 4357 1083 4411 quae
1117 4345 1245 4409 post
1302 4346 1509 4392 tantam
1550 4339 1853 4407 impensam
1902 4340 2109 4393 tamdiu
2155 4353 2342 4409 posse-

2436 3155 2700 3227 συνουσίᾳ
2734 3153 2791 3206 δέ
2844 3154 3057 3224 ἐκείνῃ,
3092 3153 3358 3223 ἐρομένου
3394 3152 3682 3223 βασιλέως,
3715 3153 3840 3207 ὅτου
3868 3154 4013 3222 χάριν

2432 3242 2710 3311 τοσαύτην
2763 3242 3112 3312 ὑπομείνειεν
3172 3244 3442 3314 αίσχύνην
3492 3245 3604 3306 τοῖς
3628 3245 3728 3312 τῆς
3773 3241 4015 3304 Βενετιας

2437 3333 2754 3402 βουλευταῖς
2787 3332 3202 3402 συγκαταλέξας
3235 3335 3452 3401 ἐαυτὸν,
3496 3330 4016 3404 μείζονακαὶπερι-

2436 3428 2783 3497 φανεστέραν
2818 3428 3155 3497 συμπάντων
3201 3428 3426 3480 ἐκείνων
3456 3428 3598 3497 ἔχων
3623 3427 3789 3491 αὑτὸς
3829 3429 4015 3498 ἀρχὴν,

2434 3516 2523 3568 διὰ
2558 3516 2650 3568 τὸν
2697 3516 2907 3569 ἐκείνου
2944 3516 3113 3585 φόϐον
3148 3516 3511 3584 ἁπεκρίνατο.
3548 3518 3658 3584 Καὶ
3691 3501 4016 3586 προσετίθει,

2440 3606 2611 3677 μηδὲν
2642 3602 2785 3660 εἶναι
2822 3608 3163 3675 θαυμαστὸν,
3199 3610 3247 3660 εἰ
3270 3608 3497 3661 τοιαῦτα
3523 3608 3872 3678 ὑπομείνειε·
3905 3609 4017 3661 τοὺ·

2428 3697 2664 3757 ηναντίον
2726 3698 2826 3767 μὲν
2878 3694 2991 3763 οὖν,
3028 3700 3112 3752 ὅτι
3150 3699 3227 3769 μὴ
3278 3699 3372 3752 καὶ
3431 3699 3568 3770 πρός
3629 3717 3682 3754 τι
3724 3703 3905 3771 χεῖρον
3934 3698 4019 3752 καὶ

2441 3790 2621 3859 πολλῷ
2650 3790 2984 3860 φαυλότερον
3014 3790 3312 3861 ἐξετράπη.
3347 3793 3575 3873 Καιπερχ
3615 3791 3671 3844 δὲ
3698 3792 3842 3845 οὑτω
3877 3793 4017 3854 δέους

2408 3879 2601 3951 ⁸ἔχων,
2634 3883 2730 3933 καλ.
2756 3881 2876 3934 οὑδέ
2909 3882 3047 3952 πρὸς
3074 3881 3279 3945 πάντας
3305 3884 3699 3952 αἰσχυνόμενος
3723 3886 4016 3953 ὁμολογεῖν,

2440 3970 2589 4037 ὅμως
2650 3969 2988 4038 ἀφίστασθαι
3052 3969 3160 4022 τῶν
3219 3971 3433 4025 πόλεων
3483 3972 3584 4025 οὑκ
3646 3970 4017 4043 ἤθελεν-ἀλλ’

2442 4060 2617 4111 ἐδεῖτο
2653 4061 2816 4129 μόνον
2854 4059 3127 4128 βασιλέως
3156 4063 3355 4131 χωρεῖν
3389 4063 3527 4130 πρὸς
3566 4064 3667 4128 τὰς
3702 4066 4015 4134 συμόάσεις,

2443 4153 2717 4222 Βέρῤοιαν
2750 4153 2921 4223 μόνην
2960 4154 3177 4222 ἔχοντα,
3207 4156 3300 4206 καὶ
3339 4155 3626 4221 Ἔδεσσαν,
3660 4158 3758 4209 καὶ
3788 4156 3857 4209 τὰ
3894 4157 4016 4211 ἄλλα

2444 4242 2705 4311 φρούρια,
2766 4244 2859 4309 καὶ
2915 4243 3012 4305 τὰς
3073 4244 3353 4312 πολίχνας,
3387 4244 3511 4296 ὅσαι
3573 4243 4013 4316 προσεχώρησαν.

2457 4334 2795 4404 ’ἰσχυρίζετο
2846 4334 2905 4387 δὲ
2957 4334 3052 4387 καὶ
3079 4335 3278 4403 ὅρκους
3327 4338 3445 4398 τοῖς
3476 4335 3658 4405 λόγοις
3692 4337 4013 4409 προστιθεὶς,

755 4431 921 4496 derit,
975 4444 1323 4500 quorumque
1356 4444 1519 4483 causa
1550 4446 1674 4484 cum
1705 4431 1950 4485 exercitu
1985 4438 2064 4484 tot
2116 4432 2330 4487 labores

2443 4420 2515 4482 ὡς
2550 4422 2611 4473 οὑ
2646 4420 2961 4485 πλεονεξίας
2992 4422 3217 4493 μᾶλλον,
3247 4424 3279 4493 ἢ
3305 4426 3570 4495 αίσχύνης
3606 4426 3771 4480 ἕνεκα
3795 4428 3905 4481 τῶν
3931 4427 4018 4480 πό-

755 4532 811 4575 et
846 4521 1174 4575 discrimina
1230 4518 1543 4589 pertulerit.
1594 4520 2031 4575 Obstinationem
2082 4521 2183 4575 viri
2221 4537 2339 4577 cer-

756 4628 898 4667 nens
954 4610 1430 4681 imperator,jMei
1486 4610 1711 4680 quidem
1763 4611 2024 4667 candoris
2071 4626 2201 4682 erga
2249 4623 2336 4675 te,

758 4704 939 4773 inquit
969 4745 983 4766 ,
1012 4712 1066 4757 et
1099 4706 1248 4773 quod
1284 4703 1496 4756 nullum
1541 4719 1785 4772 unquam
1836 4703 1997 4758 amici
2030 4702 2266 4758 oﬂicium
2309 4719 2367 4767 a,

759 4807 846 4844 me
886 4790 1191 4865 desiderari
1224 4804 1416 4858 passus
1461 4790 1604 4853 sim,
1648 4805 1773 4844 cum
1809 4792 2143 4859 praateritum
2167 4831 2181 4855 ,
2225 4800 2339 4845 tum

761 4880 997 4933 maxime
1032 4893 1275 4946 praesens
1306 4885 1523 4946 tempus
1559 4878 1758 4931 idoneo
1782 4886 2012 4945 possunt
2040 4892 2163 4931 esse
2186 4877 2341 4932 testi-

759 4973 966 5026 monio.
1026 4970 1164 5036 Quia
1232 4970 1368 5025 nihil
1422 4970 1520 5023 tibi
1581 4969 1757 5025 facere
1793 4971 2140 5037 ‘allubescit,
2193 4970 2337 5040 quod

757 5065 967 5135 justum
990 5065 1398 5131 honestumque
1427 5063 1519 5127 sit,
1559 5063 1748 5117 venire
1768 5080 1866 5135 Ime
1898 5064 1963 5118 ad
1996 5079 2146 5135 arma
2177 5079 2342 5134 opor-

764 5156 923 5217 tebit,
959 5155 1109 5206 feras
1145 5152 1453 5204 imitantem
1477 5191 1490 5214 ,
1525 5168 1646 5221 quae
1674 5134 2217 5224 venatorum‘jaculis
2243 5168 2342 5221 ap-

762 5249 971 5317 petita),
1002 5256 1059 5301 et
1083 5262 1181 5315 per
1208 5245 1373 5298 silvas
1397 5246 1634 5314 agitatae,
1670 5246 1907 5313 primum
1942 5247 2165 5315 quidem
2198 5247 2341 5317 fugi-

766 5346 887 5402 unt,
915 5347 971 5391 et
1005 5346 1287 5391 certamen
1330 5352 1454 5388 cum
1505 5336 2118 5405 hominibus.quantum
2152 5339 2341 5393 valent

766 5429 1032 5494 devitant,
1080 5427 1147 5483 ad
1191 5428 1577 5482 necessitatem
1617 5438 1799 5483 autem
1831 5422 2086 5491 redactae,
2120 5431 2341 5498 pericu-

766 5520 929 5588 loque
954 5521 1063 5589 jam
1102 5518 1386 5587 proximae,
1417 5533 1475 5572 se
1510 5527 1840 5572 convertunt
1870 5536 1884 5572 :
1918 5528 1972 5573 et
1994 5520 2127 5573 dum
2166 5520 2337 5574 vitam

768 5626 924 5665 suam
974 5610 1457 5665 vehementissime
1497 5610 1822 5677 detendunt,
1883 5610 2001 5687 ipsi
2028 5612 2155 5666 vitae
2189 5614 2342 5666 nullo

771 5707 935 5762 modo
988 5717 1239 5778 parcunt.
1270 5704 1420 5761 ldem
1455 5720 1587 5762 sane
1626 5721 1727 5775 ego
1759 5720 1906 5761 nunc
1928 5704 2151 5761 faciam.
2193 5704 2339 5761 Nihil

2445 4514 2585 4565 λεων
2620 4514 2982 4567 ἀντιποιοῖτοο
3021 4515 3376 4585 αἰσχύνεσθαι
3398 4520 3507 4589 γὰρ
3538 4519 3599 4572 οὑ
3636 4521 3766 4583 τσὺς
3795 4522 4018 4581 οἰκείους

2448 4609 2632 4674 μόνον,
2673 4607 2811 4660 ἀλλὰ
2850 4608 2947 4659 καὶ
2970 4609 3095 4669 τοὺς
3128 4608 3320 4671 ἄλλους
3361 4611 3701 4679 ὁπουδήποτε
3736 4612 4013 4675 δυνάστας.

2444 4699 2493 4749 εί
2521 4697 2775 4766 φαίνοντο
2826 4698 3082 4752 τοσοῦτον
3126 4700 3435 4769 ἡττημένος
3473 4700 3609 4771 πρὸς
3641 4702 3729 4755 τδν
3765 4704 4016 4773 βασιλέως

2445 4790 2633 4857 φόϐον,
2687 4790 2831 4843 ὥστε
2877 4788 3149 4843 τοσούτων
3180 4790 3389 4843 πόλεων
3421 4793 3623 4863 ἀμαχεὶ
3653 4798 4013 4866 παραχωρεῖν,

2444 4879 2509 4942 ἃς
2536 4881 2630 4932 ἐπὶ
2658 4880 2916 4934 τοσοῦτον
2958 4882 3149 4950 χρόνον
3177 4882 3502 4953 κτώμενος,’
3520 4886 3782 4956 χρήματά
3795 4905 3870 4939 ,τε
3894 4889 4017 4940 ἀνα-

2447 4971 2612 5025 λώκει
2641 4966 2890 5039 πλεῖστα,
2925 4974 3019 5027 καὶ
3052 4974 3343 5039 τοσούτους
3376 4978 3572 5039 πόνους
3624 4981 3718 5031 καὶ
3750 4980 4016 5041 κινδύνους

2446 5066 2857 5136 ὑπομεμενήκει
2894 5067 3033 5136 μετὰ
3060 5068 3157 5137 τῆς
3183 5071 3462 5138 στρατιᾶς.
3502 5070 3765 5134 Βασιλεὺς
3798 5072 3853 5125 δὲ
3906 5072 4016 5123 ἐπεὶ

2448 5157 2594 5227 ἐώρα
2629 5158 2957 5227 ἀσυμϐάτως
2994 5158 3209 5229 ἔχοντα,
3252 5161 3363 5231 Τὴν
3395 5163 3493 5231 μὲν
3518 5163 3679 5233 ἐμὴν.
3709 5160 3855 5228 εἷπε,
3891 5164 4016 5230 πρὸς

2449 5248 2507 5301 σὲ
2542 5249 2986 5319 εὐγνωμοσύνην,
3044 5253 3139 5305 καὶ
3170 5252 3244 5315 ὡς
3296 5254 3447 5307 οὐδὲν
3498 5255 3607 5308 τῶν
3644 5257 3783 5326 φίλῳ
3816 5272 4013 5327 προση-

2449 5340 2677 5406 κόντων,
2717 5340 2839 5394 οὔτε
2872 5344 3161 5413 πρότερον,
3197 5344 3310 5398 οὗθ’
3360 5346 3589 5417 ὕστερον
3631 5347 3896 5416 ἐνέλιπον,
3932 5349 4014 5403 καὶ

2448 5434 2476 5487 ὁ
2512 5433 2798 5502 παρελθὼν
2856 5434 2953 5504 μὲν
3007 5437 3220 5505 χρόνος,
3254 5439 3351 5509 οὑχ
3379 5440 3581 5509 ἥκιστα
3616 5441 3672 5494 δὲ
3705 5444 3798 5495 καὶ
3837 5446 3865 5496 6
3906 5444 4013 5495 νυνὶ

2449 5526 2641 5596 παρὼν
2676 5525 2975 5596 ἀξιόχρεως
3001 5533 3444 5599 συμμαρτυρεῖν.
3478 5531 3579 5584 Σοῦ
3610 5532 3665 5585 δὲ
3704 5534 3869 5605 μηδὲν
3902 5534 4013 5587 ἐθέ-

2449 5615 2631 5678 λοντος
2667 5616 2773 5667 τῶν
2800 5615 3024 5669 δικαίων
3063 5620 3237 5671 ποιεῖν
3283 5620 3377 5672 καὶ
3402 5622 3811 5692 προσηκόντων,
3850 5624 4009 5692 ἀνάγ-

2451 5728 2520 5781 κη
2554 5710 2691 5781 πρὸς
2727 5709 2816 5763 τὸν
2865 5709 3098 5779 πόλεμον
3142 5713 3361 5782 χωρεῖν,
3416 5715 3615 5769 ταυτὸν
3666 5715 3781 5779 τοῖς
3814 5715 4010 5784 θηρίοις
