4108 6320
139 347 216 408 h’9
1256 311 1799 406 lllSTOIllAllUM
1849 347 2077 405 LlllEll
2126 350 2220 409 tv.

3264 353 3367 413 170

136 463 389 532 πάσχοντα,
420 463 514 516 καὶ
535 465 641 533 γὰρ
661 463 841 516 ἐκεῖνα
877 460 1198 531 βαλλόμενα,
1241 462 1676 529 uitiato-epam

1783 460 1930 511 enim
1970 463 2152 516 minus
2188 461 2478 529 cupiebam
2506 477 2669 529 quam
2699 462 2844 515 bello
2863 470 2913 515 te
2942 467 3194 532 persequi
3221 485 3235 519 :
3267 483 3366 526 seu

137 557 222 610 ὑπὸ
263 558 364 610 τῶν
418 557 730 625 θηρευτῶν,
764 558 957 626 πρῶτα
990 557 1090 626 μὲν
1125 556 1415 624 φεύγουσι,
1452 556 1545 605 καὶ
1576 555 1672 621 τὴν

137 650 247 714 πρὸς
295 647 616 717 ἀνθρώπους
667 649 845 718 μάχην
880 650 984 717 ὅση
1015 648 1250 717 δύναμις
1305 647 1671 699 ἐκκλίνουσιν.

144 740 360 793 Ἐπειδὰν
397 740 452 791 δὲ
483 741 566 803 είς
592 740 839 810 ἀνάγκην
871 739 1212 805 καταστῶσι,
1240 740 1335 792 καὶ
1363 739 1455 791 τὸν
1498 739 1676 790 κίνδυ-

131 852 204 887 νον
227 833 512 887 αἴσθωνται
543 832 908 902 ἐφεστηκότα,
949 831 1295 900 στρεφόμενα
1348 832 1671 900 ἀμύνονται,

129 927 206 979 καὶ
225 926 355 978 οὕτω
387 925 529 995 μετά
562 924 948 994 σφοδρότητος,
982 924 1058 986 ὡς
1077 926 1176 994 τῆς
1210 924 1478 993 σφετέρας
1520 924 1677 989 ἀφει-

128 1001 214 1070 δεῖν
245 1019 556 1071 παντάπασι
617 1015 783 1082 ζωῆς.
843 1013 1016 1067 Τοῦτο
1073 1015 1285 1081 δὴνκαὶ
1340 1013 1504 1074 αύτὺς
1558 1013 1676 1068 νυνὶ

132 1112 341 1180 ποιήσω·
372 1112 614 1180 μάλιστα
673 1111 774 1178 μέν
816 1109 927 1181 γὰρ
962 1109 1268 1180 ἐϐουλόμην
1323 1108 1399 1178 μὴ
1435 1107 1675 1177 πόλεμον

129 1206 269 1256 κινεῖν
299 1203 437 1272 πρὸς
480 1203 563 1266 σέ,
621 1201 755 1255 ἀλλά
805 1201 959 1270 φίλον
1014 1201 1107 1255 καὶ
1165 1202 1457 1270 σύμμαχον
1503 1201 1670 1270 ἔχειν,

130 1287 287 1361 ὥσπερ
314 1294 548 1358 δίκαιον,
593 1292 686 1346 καὶ
715 1291 824 1345 τῶν
869 1275 1240 1362 ὑπηργμένων
1273 1288 1518 1357 ἀγαθῶν,
1545 1287 1578 1363 ᾖ
1608 1290 1675 1344 ἂν

131 1389 332 1458 μάλιστα
365 1385 660 1455 δυναίμην,
708 1385 946 1439 ἐκτίνειν
1003 1383 1260 1459 ἀμοιῆάς.
1311 1383 1469 1438 Ἐπεὶ
1499 1384 1544 1437 δ’
1577 1384 1675 1436 αὑ-

127 1479 320 1542 ὼςτῶν
353 1479 586 1531 δικαίων
642 1478 847 1548 ᾕρησαι
911 1478 1088 1531 ποιεῖν
1146 1475 1322 1540 οὐδὲν,
1384 1475 1507 1528 οὐδέ
1564 1476 1674 1529 τῶν

133 1571 399 1640 Ῥωμαίοις
431 1558 1030 1636 πόλεωνάφίστασθαι,
1059 1565 1124 1630 ἃς
1153 1567 1297 1636 ἔχεις
1333 1567 1535 1628 ἀδίκως
1570 1585 1673 1620 κα-

121 1661 331 1731 τασχὼν,
378 1662 598 1730 ἀνάγκη
654 1661 750 1712 καὶ
803 1659 968 1712 αὐτὸν
1010 1653 1301 1728 ἀνομίζω
1366 1659 1674 1727 συμφέρειν

130 1754 418 1823 Ῥωμαίοις,
454 1753 742 1829 πράττειν,
767 1750 863 1802 καὶ
886 1749 963 1829 μὴ
996 1751 1264 1820 περιορᾷν
1297 1749 1498 1812 ἀδίκως
1531 1750 1674 1803 οὕτω

1781 559 1839 602 ιιι
1867 564 2086 618 aequum
2117 562 2260 616 erat,
2294 553 2534 605 amicum
2565 564 2619 606 et
2653 558 2865 608 socium
2889 555 3115 620 habere,
3151 559 3369 626 tuisque

1778 644 1989 696 meritis
2047 645 2193 697 ultro
2252 644 2386 696 mihi
2421 647 2744 712 -pr;estitis,
2800 657 3036 714 quantas
3100 652 3368 706 iunximus

1778 750 2030 802 possem,
2100 735 2306 804 gratias
2360 736 2591 791 referre.
2664 738 2938 802 Quoniam
2987 747 3171 792 tamen
3226 744 3364 796 nihil

1779 834 2017 888 rectum,
2045 842 2108 880 ac
2138 829 2372 895 probum
2408 844 2594 898 agere,
2627 839 2806 897 ne’que
2855 833 2924 886 ab
2954 833 3188 895 urbibus
3228 821 3367 904 quas

1779 927 1972 968 contra
2018 917 2102 970 las
2143 927 2444 993 occupatas
2480 919 2691 972 retines
2726 920 3013 976 discedere
3045 923 3366 989 decrevisti,

1777 1020 1919 1073 opus
1950 1016 2034 1059 est
2064 1015 2120 1060 et
2147 1022 2232 1058 me
2257 1008 2504 1076 aggredi,
2547 1025 2669 1077 qua:
2700 1004 2762 1062 ex
2799 1012 3172 1067 Romanorum
3199 1032 3334 1084 repu

1778 1097 1921 1150 blicn
1952 1100 2071 1152 fore
2104 1100 2306 1160 sentio,
2341 1109 2398 1152 et
2429 1114 2691 1153 excutere
2717 1103 2911 1170 jugnm
2937 1146 2952 1166 ,
2997 1109 3142 1173 quod
3171 1122 3368 1162 eorum

1777 1193 2092 1246 cervicibus
2123 1193 2354 1246 Triballi
2406 1210 2504 1260 per
2541 1193 2694 1246 nefas
2743 1196 3127 1263 iujunxerunt.
3165 1197 3368 1252 Verum

1750 1298 1928 1335 .nunc
1959 1283 2186 1351 quidem
2223 1301 2346 1338 cum
2401 1286 2630 1355 insuper
2665 1290 2992 1356 conscriptze
3018 1291 3190 1359 copit:
3226 1310 3370 1345 non-

1779 1373 1910 1426 dum
1960 1375 2187 1442 adsint,
2222 1373 2567 1447 'Byzuntium
2624 1390 2892 1442 revertar,
2954 1383 3371 1453 instructusque

1780 1466 2032 1521 hibernis
2074 1457 2381 1536 mensibus,
2417 1473 2596 1539 primo
2637 1489 2766 1527 vere
2805 1491 2932 1528 cum
2958 1493 3123 1543 quam
3160 1479 3367 1547 ingenti

1780 1570 1974 1627 potero
2036 1562 2312 1620 exercitu,
2356 1579 2670 1635 magnoque
2716 1578 2982 1633 apparatu
3029 1570 3082 1620 in
3113 1584 3210 1621 vos
3254 1586 3413 1632 nu»,

1778 1652 1922 1704 veho
1955 1669 1966 1704 :
1999 1666 2060 1704 ea
2098 1663 2284 1706 mente
2315 1663 2373 1704 ut
2401 1664 2496 1706 aut
2535 1655 2839 1721 prailiando
2873 1659 3194 1712 occumbam
3216 1703 3231 1722 ,
3275 1672 3374 1714 aut

1785 1753 1979 1811 prwter
2022 1744 2337 1798 libertatem
2370 1762 2489 1798 mea
2523 1761 2690 1814 opera
2732 1749 3001 1803 [tinnanis
3033 1753 3367 1818 restitutam,

122 1828 607 1903 καταδουλωθέντας
633 1839 960 1911 Τριϐαλοίς·
994 1837 1132 1892 ἀλλὰ
1163 1837 1257 1892 νῦν
1300 1842 1401 1908 μὲν
1431 1841 1553 1892 ἐπεὶ
1600 1841 1674 1909 μὴ

1784 1844 1946 1903 teque
1985 1838 2360 1906 populumque
2402 1840 2833 1905 tunmcwdibus
2864 1857 2927 1894 ac
2953 1845 3208 1898 servituti
3242 1848 3374 1899 sub-

121 1936 198 1990 καὶ
230 1937 260 2005 ἡ
293 1934 799 2005 παρεσκευασμένη
831 1933 1069 2002 στρατιά
1101 1933 1321 2001 ἀφῖκτο,
1355 1936 1432 1996 είς
1466 1935 1674 1998 Βυζάν-

121 2038 214 2079 τιον
232 2029 322 2079 καὶ
349 2027 511 2088 αὐτὸς
541 2025 1001 2094 ἐπανελεύσομαι,
1032 2027 1128 2077 καὶ
1167 2027 1674 2095 παρασκευασάμε-

119 2137 191 2180 νος
216 2118 303 2172 τοῦ
327 2117 622 2190 χειμῶνος,
645 2118 761 2189 ἅμα
785 2114 880 2189 ἦρι
898 2119 974 2181 ὡς
1002 2118 1238 2189 μάλιστα
1261 2119 1370 2189 ἔχω
1393 2120 1531 2188 μετά
1552 2119 1680 2172 πολ-

118 2211 197 2276 λῆς
241 2211 549 2282 δυνάμεως,
590 2212 687 2264 καὶ⁵
720 2211 968 2283 μεγάλης
1011 2213 1114 2282 τῆς
1156 2213 1511 2286 παρασκευῆς
1549 2214 1678 2281 ὑμῖν

119 2304 504 2376 ἐπιστρατεύσω
525 2322 538 2335 ·
557 2304 784 2376 γνώμην
805 2305 968 2376 ἔχων,
999 2304 1075 2368 ὡς
1106 2305 1138 2376 ἢ
1175 2308 1482 2375 μαχόμενος
1502 2309 1679 2357 πεσεῖ-

121 2395 303 2467 σθαι,ἧ
348 2399 485 2467 πρὸς
517 2397 595 2466 τῷ
640 2395 946 2468 Ῥωμαίους
988 2396 1334 2468 ἐλευθεροῦν,
1370 2401 1463 2451 καὶ
1513 2398 1679 2450 αὑτὸν

119 2492 194 2541 καὶ
236 2490 514 2559 ὑπηκόους
562 2488 1140 2560 ἐξανδραποδίζεσθαι,
1195 2491 1288 2542 καὶ
1339 2489 1678 2560 διαφθείρειν

117 2581 194 2635 καὶ
235 2579 714 2635 καταδουλοῦσθαι.
748 2582 814 2634 Ἀ
844 2582 1026 2636 είδὸτα
1071 2580 1167 2634 καὶ
1203 2579 1367 2634 αὐτὸν
1388 2581 1462 2644 ὡς
1481 2581 1677 2652 ἀληθῆ,

117 2673 616 2746 παρασκευάζεσθαι
662 2673 739 2739 ὡς
781 2674 1178 2746 ἁμυνούμενον,
1217 2674 1333 2727 ’καὶ
1379 2675 1684 2742 διαγωνού-

121 2784 260 2835 μενον
286 2748 424 2834 ’περὶ
453 2765 562 2819 τῶν
584 2765 744 2818 ὅλων.
761 2764 1004 2835 -Κράλης
1032 2764 1090 2818 δὲ
1110 2763 1367 2833 ἀκούσας
1418 2763 1680 2832 βασιλέως

115 2857 266 2922 οὕτως
303 2857 584 2929 ὲμόριθῶς
649 2856 1026 2927 διειλεγμένου
1081 2858 1210 2928 περὶ
1262 2857 1356 2910 τοῦ
1414 2856 1725 2929 πολέμουη

118 2953 195 3003 καὶ
221 2950 361 3022 δρῶν
389 2949 733 3020 ἀμετάθετον
765 2949 866 3018 τὴν
894 2947 1122 3019 γνώμην
1153 2949 1373 3019 ἔχοντα,
1397 2952 1493 3002 καὶ
1522 2949 1680 3017 γενό-

118 3060 259 3110 μενος
288 3042 573 3113 περιδεὴς,
596 3040 767 3094 ἐδεῖτο
783 3040 1050 3111 βασιλέως
1077 3042 1154 3112 μὴ
1182 3042 1328 3094 οὕτω
1350 3043 1487 3112 πρὸς
1508 3044 1680 3112 ὀργὴν

115 3133 193 3183 ἐπὶ
221 3134 314 3197 τὸν
334 3133 581 3203 πόλεμον
608 3131 938 3196 ἐξάπτεσθαι
959 3148 973 3161 °
997 3132 1134 3186 ἀλλά
1157 3133 1312 3186 λύσιν
1333 3135 1453 3186 τινὰ
1469 3135 1680 3204 ἐξευρί-

116 3240 248 3279 σκειν
268 3225 381 3279 τῶν
413 3225 628 3291 κακῶν,
653 3224 778 3278 ὅθεν
812 3225 840 3277 ὅ
863 3230 923 3298 τε
951 3226 1190 3296 πόλεμος
1213 3227 1674 3298 καταλυθήσεται,

112 3317 193 3368 καὶ
220 3316 343 3386 μηδ’
367 3317 534 3380 αὐτὸς
585 3297 906 3370 παντάπασι
932 3317 1100 3387 μηδὲν
1123 3317 1234 3370 τῶν
1261 3335 1322 3370 τε
1350 3297 1552 3382 πόνων,
1583 3320 1678 3371 καὶ

112 3406 205 3460 τῶν
245 3411 533 3473 κινδύνων,
564 3402 640 3463 ὧν
682 3407 946 3478 ὑπέμεινε
990 3407 1091 3472 τὰς
1143 3409 1328 3471 πόλεις
1367 3410 1673 3480 κτώμενος,

114 3496 377 3550 ἀπόναιτο.
424 3496 730 3566 Ἐπέτρεπί
755 3511 812 3548 τε
837 3496 1018 3550 πάντα
1053 3494 1289 3564 βασιλεῖ,
1327 3497 1423 3547 καὶ
1461 3498 1676 3548 συνετί-

115 3587 218 3642 θετο
246 3591 501 3660 στέργειν
529 3590 662 3653 πᾶν,
688 3589 716 3641 ὃ
741 3579 797 3640 τι
818 3589 885 3642 ἂν
909 3586 1060 3657 αὐτῷ
1100 3587 1286 3657 δοκοίη
1319 3586 1554 3657 βέλτιον,
1583 3589 1679 3642 καλ⁴

111 3679 405 3734 λυσιτελοῦν
437 3680 748 3747 ἑκατέροις.
773 3676 1050 3743 Βασιλεὺ(
1066 3678 1124 3732 δὲ
1149 3681 1211 3732 τό
1232 3695 1292 3731 τε
1325 3679 1506 3734 πάντα
1530 3680 1678 3750 ἔχειν

111 3774 235 3843 ὀρῶν
257 3769 494 3845 ἀπονηττὶ
515 3774 798 3839 ἀδύνατον,
826 3775 922 3827 καὶ
937 3775 996 3827 τὸ
1020 3773 1185 3827 τινών
1201 3773 1679 3843 ἀποστερούμενον

112 3863 292 3932 ὀλίγων
322 3863 400 3934 μὴ
429 3863 941 3932 συγκατατίθεσθαι
968 3865 1102 3932 πρὸς
1125 3862 1227 3933 τὴν
1259 3865 1511 3940 εἰρήνην,
1541 3863 1681 3918 ἀλλὰ

113 3957 229 4025 περὶ
277 3955 385 4008 τῶν
425 3956 566 4008 ὅλων
597 3953 1026 4008 διακινδυνεύειν
1059 3952 1354 4024 βούλεσθαι
1394 3954 1678 4019 ἀϐουλίας,

113 4032 292 4118 ἀδήλου
323 4046 562 4118 μάλιστα
594 4045 690 4099 τοῦ
732 4046 1021 4124 μέλλοντος
1054 4046 1229 4112 ὄντος,
1259 4047 1354 4100 καὶ
1385 4047 1481 4100 τοῦ
1516 4047 1681 4100 πολέ-

116 4155 205 4206 μου
229 4140 434 4201 πολλάς
465 4139 525 4191 ἐν
549 4137 625 4208 τῷ
652 4137 859 4208 μεταξὺ
891 4134 1192 4208 δυναμένου
1222 4138 1478 4209 δέχεσθαι
1511 4156 1682 4208 μετα-

114 4231 278 4299 ϐολὰς,
303 4231 485 4295 ἄλλως
512 4230 561 4284 θ’
589 4232 671 4284 ὅτι
702 4231 798 4283 καὶ
837 4231 1152 4301 βαρὸάρους
1191 4230 1422 4300 ἔμελλεν
1453 4234 1682 4300 ἐπάγειν

115 4323 523 4394 ἐνθυμούμενος,
547 4320 596 4374 οἳ
617 4320 847 4399 πλεῖστα
869 4322 965 4374 καὶ
994 4319 1304 4392 Ῥωμαίους
1322 4322 1680 4392 βλάπτουσιν,

113 4409 178 4474 οἷς
205 4414 421 4467 δοκοῦσι
459 4415 792 4482 συμμαχεῖν,
827 4418 920 4466 καὶ
953 4413 1053 4483 τὴν
1081 4414 1351 4483 ἐσομένην
1385 4412 1679 4484 Τριϐαλῶν

1775 1929 1988 1999 jieiaut.
2023 1931 2238 1984 Etcum
2269 1941 2324 1984 tn
2361 1947 2584 2001 quoque
2613 1935 2758 1986 scias
2788 1950 2875 1990 me
2911 1952 3040 1990 vera
3087 1939 3262 2007 loqui,
3302 1944 3371 1994 ad

1783 2020 2179 2085 resistendum,
2217 2033 2273 2076 et
2303 2024 2703 2079 decertandum
2745 2028 2810 2079 de
2853 2045 3068 2102 summa
3103 2049 3286 2086 rerum
3319 2045 3374 2087 te

1781 2127 2064 2180 compara.
2109 2113 2320 2180 Crales,
2357 2116 2562 2170 auditis
2599 2126 2706 2169 tam
2762 2123 3003 2187 grauiter
3037 2137 3100 2174 ac
3129 2126 3274 2176 uario
3300 2127 3373 2179 de

1782 2206 1928 2260 bello
1959 2206 2144 2272 dictis,
2173 2223 2299 2260 cum
2331 2209 2677 2264 voluntatem
2712 2211 3065 2280 imperatoris
3088 2215 3374 2279 immuta-

1781 2297 1950 2351 bilem
1976 2297 2210 2363 videret,
2240 2299 2538 2354 admodum
2575 2303 2964 2370 extimescens,
3019 2309 3372 2374 precabatur.

1782 2404 1851 2442 ne
1885 2389 1967 2443 sic
2000 2388 2177 2444 iratus
2222 2391 2288 2444 ad
2321 2407 2473 2445 arma
2523 2392 2796 2459 ferveret;
2829 2397 2961 2463 quin
3004 2399 3189 2464 potius
3226 2401 3372 2453 viam

1781 2473 2024 2549 aliquam
2053 2480 2111 2535 in
2154 2482 2240 2536 bis
2271 2482 2428 2537 malis
2467 2485 2755 2551 inveniret,
2785 2503 2893 2557 qua
2925 2501 2982 2544 et
3014 2489 3158 2544 bello
3185 2507 3378 2561 super:

1782 2573 2096 2638 sederetur;
2127 2575 2286 2645 791
2335 2576 2593 2647 ipse‘pro
2621 2578 2932 2640 laboribus,
2961 2592 3128 2651 atque
3156 2582 3378 2653 pericu-

1781 2665 1873 2728 lis,
1917 2681 2038 2734 qua:
2067 2667 2302 2722 urbibus
2334 2669 2696 2738 acquirendis
2731 2673 3063 2736 tolerasset,
3110 2693 3377 2733 non-om—

1784 2757 1918 2811 nino
1950 2758 2089 2812 nihil
2139 2760 2416 2828 reciperet
2455 2779 2468 2813 :
2501 2777 2729 2831 remque
2774 2772 2942 2817 totam
2982 2752 3103 2864 (3ins
3139 2769 3378 2822 arbitrio

1782 2851 2177 2917 permittebat,
2217 2856 2392 2933 siqui,
2422 2854 2668 2925 bonique
2719 2860 2780 2910 se
2840 2851 3378 2929 factuium"pmmit-
3413 2917 3420 2924 _

1785 2951 1932 3008 tens,
1964 2944 2236 3013 quidquid
2271 2945 2390 3014 ipse
2426 2946 2685 3023 utrisque
2715 2948 2917 3002 melius
2940 2989 2956 3012 ,
2997 2952 3378 3005 commodius-

1781 3042 1890 3096 que
1922 3027 2174 3103 luturum
2207 3029 2536 3098 judicasset.
2585 3030 2914 3100 Imperator,
2973 3023 3292 3104 intelligens
3319 3049 3379 3092 et

1786 3120 1976 3174 omnia
2038 3122 2181 3175 citra
2231 3122 2545 3176 molestiam
2571 3162 2588 3186 ,
2642 3122 3004 3194 laboremque
3032 3127 3222 3182 haberi
3263 3146 3377 3183 non

1783 3227 1969 3283 posse,
1999 3221 2057 3267 et
2110 3212 2304 3283 paucis
2345 3214 2681 3283 quibusdam
2733 3216 3009 3284 privatum
3056 3220 3176 3288 paci
3209 3225 3378 3288 repu-

1781 3319 1984 3374 gnare,
2021 3321 2086 3360 ac
2116 3305 2183 3359 de
2232 3319 2452 3360 summa
2479 3306 2668 3375 jacere
2699 3306 2875 3360 aleam
2909 3308 3068 3372 velle,
3097 3293 3378 3375 dementia
3455 3342 3460 3348 -

1780 3411 1924 3459 esse,
1961 3411 2088 3452 cum
2117 3396 2307 3451 lutura
2359 3398 2735 3453 incertissima
2772 3401 2908 3460 sint.
2941 3409 2999 3456 et
3031 3416 3260 3471 anceps,
3307 3419 3378 3458 ac

1780 3490 1950 3544 dubia
1987 3490 2208 3546 fortuna
2241 3490 2373 3546 belli
2405 3508 2420 3545 :
2463 3491 2532 3545 ad
2585 3491 2700 3545 haec
2732 3493 2997 3548 barbaros
3021 3508 3083 3548 se
3122 3495 3408 3550 introdut

1780 3593 2000 3637 cturum
2033 3584 2308 3654 cogitans,
2343 3585 2438 3654 qui
2475 3593 2534 3639 et
2574 3585 2861 3646 Romanis,
2892 3602 3134 3655 quorum
3176 3590 3381 3643 viden-

1784 3682 1875 3727 tur
1904 3673 2065 3740 socii,
2129 3660 2434 3743 plurimum
2479 3683 2750 3741 noceant;
2790 3685 2850 3730 et
2883 3676 3256 3732 Triballoru
3291 3679 3381 3732 fu-

1786 3773 1965 3820 turam
1998 3767 2237 3831 cladem,
2263 3767 2466 3832 caedes,
2494 3768 2797 3822 servitutes
2826 3768 2919 3834 (de
2955 3772 3162 3839 quibus
3198 3789 3382 3841 quan-

1785 3853 1948 3926 quam
1972 3859 2245 3925 hostibus,
2265 3858 2657 3926 nihilominus,
2678 3867 2739 3928 ut
2766 3860 2863 3915 Dei
2881 3863 3071 3916 'cultor
3088 3875 3237 3928 erat.
3270 3866 3382 3919 sol-
3414 3896 3416 3899 -

1785 3919 2019 4015 licitusl,
2052 3919 2269 4005 Cralem
2289 3919 2755 4016 compellans-alii,
2781 3953 3098 4021 veritatem,
3131 3965 3190 4010 et
3209 3919 3381 4026 iusti-

1789 4042 1947 4103 tiam,
1991 4039 2041 4095 ει
2078 4043 2227 4110 quod
2257 4042 2691 4110 quilibetbonus
2720 4045 3030 4100 aestimator
3045 4048 3260 4101 calculo
3276 4064 3382 4103 suo

1788 4135 2134 4203 approbarit,
2164 4134 2304 4188 nihil
2350 4150 2471 4189 esse
2505 4135 2687 4200 aliud,
2720 4152 2886 4205 quam
2937 4138 3200 4193 Romanis
3225 4141 3381 4194 rbi-

1788 4225 1889 4278 bus
1918 4219 2239 4295 juramento
2265 4227 2690 4295 comprehensis
2719 4244 2784 4283 se
2803 4229 3084 4284 abdicare.
3104 4232 3380 4286 (laterum
3484 4287 3494 4297 ,
3561 4226 3567 4234 ’

1788 4317 1922 4386 quia
1957 4317 2136 4386 ipsum
2192 4325 2485 4387 tantopere
2537 4318 2774 4373 urbibus
2811 4319 3123 4375 inescatam
3156 4324 3381 4386 videat,

1789 4420 1843 4464 et
1874 4411 2236 4487 arbitrantem
2273 4412 2399 4466 vita:
2425 4422 2639 4481 partem
2669 4429 2781 4467 non
2818 4414 3092 4470 modicam
3115 4433 3239 4471 cum
3275 4420 3384 4474 illis

115 4506 324 4576 φθορὰν,
355 4507 452 4560 καὶ
474 4505 602 4567 τοὺς
638 4505 854 4574 φόνους,
882 4505 978 4558 καὶ
1005 4505 1134 4568 τοὺς
1178 4506 1679 4577 ἀνδραποδισμοὺς,

1792 4503 2157 4564 amissurum,
2195 4503 2457 4573 injuriam
2509 4505 2737 4574 quidem
2782 4507 3050 4564 Romanis
3079 4526 3140 4566 se
3169 4511 3384 4581 irroga-

113 4591 177 4649 ὧν
210 4599 458 4670 ἐκηδετο,
498 4597 591 4650 καί
638 4614 721 4649 τοι
757 4596 1032 4666 πολεμίων
1072 4595 1247 4650 ὄντων
1279 4597 1372 4651 διά
1407 4599 1506 4668 τὴν
1547 4599 1684 4669 θρη-

117 4687 306 4757 σκείαν,
340 4693 401 4744 τὺ
435 4692 537 4760 μὲν
567 4681 768 4759 ἀληθὲς
795 4685 941 4756 εἷπε,
977 4689 1072 4743 καὶ
1101 4688 1334 4757 δίκαιον,
1367 4693 1504 4759 πρδς
1536 4690 1688 4760 Κρά-

114 4780 220 4851 λην,
245 4788 342 4837 καὶ
387 4784 416 4835 ὃ
463 4784 573 4844 πᾶς
613 4782 866 4835 ὁστισοῦν
912 4782 979 4836 ἂν
1010 4782 1408 4853 ἐπιψηφισαιτο
1456 4784 1684 4846 δικαίως

114 4872 338 4940 διαιτῶν,
367 4877 521 4930 οὐδὲν
551 4870 694 4928 εἶναι
719 4876 988 4947 ἓτερον,ἢ
1021 4875 1342 4942 ἐξίστασθαι
1380 4877 1684 4947 Ῥωμαίοις

113 4971 206 5021 τῶν
231 4969 442 5022 πόλεων
467 4969 580 5021 τῶν
603 4969 715 5031 τοῖς
745 4970 932 5040 ὅρκοις
962 4969 1470 5040 περιειλημμένων.
1523 4970 1682 5024 Ἐπεὶ

116 5061 154 5112 δ’
196 5044 356 5117 αὒτδν
377 5065 482 5135 δρᾷ
518 5062 662 5116 πάνυ
707 5060 1101 5132 περιεχόμενον
1148 5065 1259 5118 τῶν
1304 5064 1536 5135 πόλεων,
1586 5065 1685 5116 καὶ

116 5153 203 5223 τῆς
228 5155 378 5220 ζωῆς
431 5154 494 5206 οὐ
529 5153 727 5222 μικρὸν
768 5154 936 5224 μέρος
967 5153 1273 5223 ἡγούμενον
1312 5155 1684 5226 ἀφαιρεθήσε·

120 5245 248 5310 σθαι,
275 5248 328 5299 εί
372 5244 584 5299 τούτων
613 5246 1042 5318 ἀποστερηθείη,
1074 5246 1360 5316 ἀδικήσειν
1394 5247 1494 5316 μὲν
1552 5247 1687 5300 Ῥω-

114 5326 500 5406 palam”:th
546 5337 860 5401 διελόμενον
905 5338 1006 5400 τάς
1057 5337 1243 5401 πόλεις
1291 5337 1369 5400 ὡς
1416 5339 1484 5402 ἂν
1534 5339 1684 5408 αὺτῷ

120 5429 319 5501 δοκοίη,
343 5432 441 5485 καὶ
467 5431 947 5502 παραχωρήσαντα
987 5431 1130 5483 δσων
1152 5431 1218 5482 ἂν
1247 5428 1445 5494 ἐθέλοι,
1481 5431 1529 5481 εί
1585 5432 1686 5499 μὲν

121 5522 255 5592 αὺτῷ
282 5523 495 5592 δοκοίη,
526 5523 621 5575 καὶ
649 5521 1082 5575 πείθοιτααὺτοῦ
1115 5515 1179 5592 τῇ
1214 5521 1403 5592 ψήφῳ,
1435 5521 1684 5576 τίθεσθαι

123 5614 334 5684 εἰρήνην
358 5616 454 5667 ἐπὶ
482 5617 695 5678 τούτοις
729 5615 824 5668 καὶ
852 5615 1085 5677 σπονδάς
1106 5632 1120 5645 ·
1149 5619 1197 5667 εί
1227 5614 1282 5666 δὲ
1311 5616 1386 5685 μὴ
1413 5614 1684 5683 βούλοιτος

119 5705 308 5771 ἐξεῖναι
329 5704 490 5766 αὖθις
513 5707 774 5776 πολεμεῖν
796 5706 892 5769 τὰς
913 5709 1092 5770 πάσας
1118 5706 1315 5776 ἔχοντι.
1346 5708 1460 5760 Καὶ
1483 5709 1681 5761 αὐτίκα

132 5795 482 5867 Ἀκαρνανίαν
517 5793 617 5864 μὲν
643 5796 740 5848 καὶ
764 5795 1084 5856 Θετταλίαν,
1122 5793 1412 5864 Σέρὸιάιτε
1465 5796 1558 5851 καὶ
1586 5799 1685 5860 τὰς

430 5895 708 5955 ΡΑτιιοι..
752 5895 869 5954 Gn.
909 5891 1108 5952 CLIV.

1794 4605 2004 4656 turum,
2032 4605 2416 4652 verumtamen
2447 4597 2661 4667 judicio
2686 4615 2789 4653 suo
2825 4601 2992 4656 urbe:
3022 4605 3381 4671 partiturum.

1790 4696 1847 4740 et
1877 4702 2164 4741 cessurum
2191 4727 2208 4752 ,
2243 4697 2380 4758 quot
2430 4688 2538 4743 sibi
2573 4691 2866 4758 placuerit,
2895 4695 2942 4746 si
2981 4694 3061 4746 illi
3091 4694 3262 4752 etiam
3301 4699 3385 4750 vi-

1792 4778 2011 4839 deatur.
2047 4788 2105 4833 et
2127 4796 2240 4834 suae
2277 4789 2385 4839 stet
2422 4783 2747 4848 sententiae,
2774 4786 2967 4852 pacem
2990 4767 3162 4855 super
3185 4788 3296 4854 bis,
3324 4807 3385 4844 et

1795 4867 1975 4925 foedus
2000 4870 2340 4926 faciendum.
2379 4866 2437 4928 Si
2466 4886 2707 4938 recuset,
2743 4876 2913 4930 licere
2963 4875 3044 4930 illi
3077 4893 3141 4933 se
3187 4895 3386 4935 omnes

1792 4962 2091 5017 habentem
2157 4963 2228 5018 de
2276 4966 2494 5032 integro
2553 4966 2727 5020 armis
2778 4967 3097 5032 lacessere,
3144 4978 3202 5024 et
3257 4987 3384 5025 οι

1789 5055 2178 5124 Acarnaniam,
2217 5059 2562 5114 Thessaliam
2591 5101 2606 5126 ,
2650 5059 2876 5126 Servia,
2911 5075 2971 5117 et
3001 5065 3146 5118 intra
3185 5065 3287 5120 bas
3315 5072 3384 5120 ad

1790 5169 1944 5208 mare
1978 5155 2113 5208 sitas
2139 5193 2154 5218 ,
2193 5163 2250 5207 et
2301 5154 2622 5211 Berrhaaam
2658 5174 2784 5212 cum
2839 5159 3070 5224 Edessa,
3121 5160 3386 5230 Cymaeo-

1792 5256 2061 5310 castrum,
2096 5255 2152 5299 et
2183 5244 2531 5316 Mygdoniam
2555 5289 2569 5309 ,
2596 5264 2722 5303 cum
2778 5251 3101 5306 instauratis
3138 5253 3360 5320 oppidis

1789 5345 1846 5391 et
1884 5335 2095 5390 circum
2129 5336 2478 5407 Strymonem
2539 5339 2724 5405 vicos,
2777 5357 2956 5410 usque
2999 5341 3069 5395 ad
3108 5343 3380 5397 terminos

1792 5427 2122 5491 Pherarum,
2158 5436 2212 5482 et
2241 5429 2571 5484 Tantessani
2602 5440 2820 5485 montes
2848 5433 3152 5501 appellatos
3177 5435 3384 5488 Roma-

1790 5520 1880 5573 nis
1908 5519 2189 5573 attribuit.
2221 5519 2450 5583 Zicbna,
2481 5521 2712 5584 Pheras.
2759 5511 3088 5577 Meleuicu'm
3108 5565 3124 5589 ,
3159 5512 3384 5577 ’διηπει-

1791 5611 2019 5672 bitzam,
2071 5609 2414 5674 Castoriam,
2472 5612 2722 5682 aliosque
2782 5613 2959 5678 vicos,
3005 5623 3063 5666 et
3118 5613 3382 5680 oppidula

1792 5701 2146 5756 Macedonica
2169 5741 2184 5766 ,
2213 5717 2338 5771 qua:
2389 5711 2543 5756 extra
2571 5703 2752 5757 dictos
2802 5715 3018 5758 montes
3037 5714 3220 5767 erant,
3246 5704 3410 5758 Cra-'

1792 5793 1901 5848 lcm
1933 5797 2176 5848 retinere
2207 5795 2401 5863 voluit,
2430 5805 2486 5849 et
2533 5810 2702 5865 super
2747 5796 2836 5851 bis
2893 5794 3094 5860 lmdus,
3145 5796 3382 5852 societa-

3033 5895 3074 5953 6
