4108 6320
212 335 302 400 173
1370 333 1730 397 HISTORIA
1744 332 1906 396 HUM
1950 334 2178 394 LIBER
2221 334 2315 396 IV.

3337 338 3436 402 1⁸74

207 455 496 522 ὑστεραίαν
528 451 909 520 ἐξελεύσεσθαι
961 454 1096 522 πρὶς
1125 454 1326 522 μάχην.
1351 451 1576 520 Κράλης
1600 450 1653 502 δέ
1682 448 1767 499 καὶ

1878 454 2137 510 astantes,
2191 449 2235 500 si
2289 445 2510 514 quando
2565 448 2872 516 emerserit,
2924 449 3122 504 iterum
3164 451 3267 505 sub
3296 467 3458 521 aqua—

201 540 354 601 αύτδς
384 541 848 608 παρεσκευάζετο,
889 541 982 594 καὶ
1033 539 1470 611 παραθαρρύνων
1533 537 1655 597 τοὺς
1696 536 1769 587 οἰ-

204 633 377 693 κείους
420 633 560 704 πρὸς
591 635 685 685 ’τὸν
721 633 985 701 βασιλέως
1009 632 1248 700 πόλεμον
1273 649 1287 662 ο
1339 631 1401 684 οὐ
1455 630 1560 700 χρὴ
1606 632 1768 683 δεδοι·

205 725 375 788 κέναι,
407 727 616 792 ἔφασκε
634 767 648 789 ,
683 726 1138 796 Καντακουζηνὸν
1163 726 1256 778 τὸν
1282 724 1506 790 βασιλέα
1527 721 1688 794 ἄχρις
1705 722 1772 775 ἂν

205 817 302 870 ὑπὸ
329 818 442 870 τῶν
481 819 702 870 οἰκείων
764 816 1107 885 πολεμῆται·
1171 815 1310 868 ἀλλά
1357 812 1579 883 βεϐαίας
1628 813 1770 881 ἐχειν

205 908 420 969 ἐλπίδας
449 908 542 961 τοῦ
570 907 938 977 περιέσεσθαι,
969 907 1182 967 καὶτὰς
1234 905 1594 976 ήρπασμένας
1636 903 1769 955 Ῥω-

207 999 376 1065 μαίων
430 1000 613 1058 πόλεις
667 997 917 1060 καθέξειν
992 994 1269 1064 ἀσφαλῶς.
1339 994 1606 1048 Ἐοικέναι
1660 992 1768 1062 γὰρ

202 1089 436 1155 ἔφασκεν
466 1091 690 1152 ἐκεῖνον,
722 1091 780 1142 ἐν
809 1088 994 1141 ὕδασιν
1037 1086 1313 1156 ἀνθρώπῳ
1362 1084 1765 1137 καταϐεσαπτι-

205 1182 405 1250 σμένῳ,
433 1185 559 1242 τοὺς
577 1183 811 1246 οἰκείους
832 1183 887 1234 δέ
914 1181 1245 1250 ἐφεστῶτας,
1279 1179 1334 1231 εῐ
1353 1196 1482 1232 ποτε
1512 1167 1764 1247 δυνηθείη

205 1277 496 1345 ἀνακύψαι,
573 1277 859 1348 πιέζοντας
916 1273 1073 1337 αὖθις
1137 1258 1590 1336 καταδαπτίζειν,
1670 1275 1763 1324 καὶ

209 1369 327 1438 μήθ’
368 1365 548 1434 ἐαυτῷ
571 1367 863 1436 χρήσιμον,
895 1367 1020 1435 μήτ’
1065 1365 1310 1427 ἐκείνως
1359 1364 1607 1431 γίνεσθαι
1643 1365 1763 1434 ἐᾷν⁸

205 1459 266 1512 ἀν
297 1444 399 1528 μέν
439 1477 525 1512 τοι
574 1457 680 1511 τῶν
735 1459 875 1511 οἴκοι
907 1456 1178 1525 διαφορῶν
1233 1473 1362 1508 ποτε
1401 1454 1762 1522 ἀπαλλαγείη,

202 1552 302 1605 τότ’
337 1552 438 1622 ήδη
470 1551 688 1618 πάντων
710 1549 860 1622 αὐτῷ
886 1548 1198 1614 ἐξίστασθαι
1219 1549 1469 1610 ἑκόντας,
1515 1549 1609 1601 καὶ
1631 1548 1762 1601 πολ-

205 1638 295 1708 λὴν
320 1639 582 1708 πρόνοιαν
611 1637 882 1691 ποιεῖσθαι
901 1637 1054 1704 φίλον
1074 1636 1236 1706 ἔχειν.
1255 1637 1767 1691 Ἀντιιαθίστασθαι

204 1726 304 1794 γὰρ
327 1727 467 1792 πρὸς
487 1726 744 1794 πόλεμον,
775 1727 843 1780 ἂν
882 1726 992 1780 τῶν
1035 1726 1175 1779 οῐκοι
1218 1726 1497 1797 δυσχερῶν
1524 1727 1767 1780 ἀπαλλα-

204 1819 339 1886 γείη,
372 1817 491 1871 οὔτ’
514 1817 677 1872 αὐτὸν
706 1817 1005 1887 λυσιτελεῖν
1061 1817 1339 1886 ἡγεῖσθαι,
1380 1817 1492 1872 οὔτ’
1531 1818 1764 1881 ἐκείνοις

205 1908 793 1977 αυμδουλεύειν.οὖτω
841 1909 939 1978 μὲν
967 1911 996 1962 6
1025 1909 1241 1979 Κράλης
1294 1910 1356 1962 ού
1408 1913 1474 1979 τῇ
1529 1911 1767 1981 σφετέρᾳ

207 2003 399 2072 μᾶλλον
428 2004 654 2075 θαρῤὦν
679 2003 933 2071 δυνάμει,
975 2003 1008 2072 ἢ
1045 2005 1165 2065 ταῖς
1219 2002 1613 2072 διχοστασίαις,
1675 2003 1767 2055 καὶ

204 2094 483 2164 διαφοραῖς
532 2093 842 2162 Ῥωμαίων,
875 2089 1031 2155 αὖθις
1060 2094 1289 2164 ὥρμητο
1323 2094 1460 2165 πρὸς
1505 2094 1764 2162 πόλεμον,

205 2183 289 2236 καὶ
316 2185 372 2244 ἐς
394 2184 496 2250 τὴν
530 2181 825 2251 ὑστεραίαν
861 2183 976 2250 ἀμα
1010 2183 1085 2251 ἐῳ
1125 2184 1395 2250 συντάξας
1427 2185 1522 2239 ἐπὶ
1552 2185 1764 2253 φάλαγ-

205 2289 298 2338 γας
330 2273 431 2341 τὴν
467 2271 751 2342 στρατιὰν,
779 2272 976 2343 ἐχώρει
998 2272 1135 2342 πρὸς
1164 2274 1568 2344 Θεσσαλονίκην
1587 2277 1650 2328 ἐκ
1670 2275 1765 2327 τοῦ

205 2362 586 2431 στρατοπέδου.
621 2361 727 2414 Καὶ
754 2364 780 2414 ὁ
808 2361 1062 2430 βασιλεὺς
1091 2362 1294 2430 ὁμοίως
1344 2366 1444 2434 τήν
1475 2381 1532 2415 τε
1572 2365 1765 2432 πεζὴν,

207 2455 292 2506 καὶ
342 2454 580 2524 ἱππικὴν
631 2454 862 2523 δύναμιν
902 2455 1390 2525 ¹ἀντιτιαρέιτατιτεν
1438 2456 1761 2523 ἐξαγαγών·

203 2546 476 2616 οἰδέτερος
503 2547 560 2599 δὲ
581 2548 860 2618 ἐπεχείρει
889 2549 1126 2616 πολέμου
1153 2550 1365 2623 ἄρχειν,
1394 2550 1508 2605 ἀλλ’
1534 2549 1765 2602 ἐπιπολὺ

205 2638 542 2707 ἀτρεμοῦντα
570 2638 991 2693 ἀντικαθίστατο
1022 2639 1273 2706 ἀλλήλοις
1306 2641 1371 2692 τὰ
1405 2640 1762 2710 στρατόπεδα.

207 2729 413 2798 Κράλης
443 2728 501 2781 δέ
563 2729 698 2796 πρὸς
754 2730 980 2798 βασιλέα
1031 2731 1276 2800 πέμψας,
1332 2733 1483 2801 ῆτήν
1538 2733 1764 2801 εἰρήνην

205 2821 434 2887 ἔφασκεν
463 2820 758 2888 αἱρεῖσθαι,
792 2821 859 2873 ἂν
882 2822 1040 2890 ἐθέλῃ
1060 2822 1289 2891 ’ἔχοντας
1320 2823 1357 2875 ἃ
1401 2824 1618 2892 ἔχουσιν
1640 2823 1769 2875 ἐκά-

205 2910 435 2982 τερον,ή
472 2910 548 2979 μὴ
601 2910 839 2979 μέλλειν,
875 2910 992 2965 ἀλλ’
1040 2912 1232 2979 ἄρχειν
1264 2911 1563 2980 συμδολῆς.
1601 2913 1768 2966 Βασι-

206 3002 320 3066 λεὺς
342 3003 401 3058 δέ
429 3005 498 3057 τὰ
530 3006 597 3074 τῇ
623 3003 924 3074 προτεραίᾳ
970 3002 1258 3074 εἰρημένα,
1305 3007 1398 3057 καὶ
1445 3003 1601 3068 αὖθις
1631 3003 1768 3072 εφα-

1875 535 2211 604 deprimunt,
2241 546 2296 588 et
2328 551 2505 605 neque
2537 537 2677 600 sibi,
2727 554 2904 608 neque
2933 541 3067 612 ipsis
3094 543 3437 598 commodare

1874 628 2084 680 sinunt.
2122 627 2217 681 Sin
2263 629 2583 684 domesticis
2618 631 2912 686 discordiis
2934 672 2947 697 ,
2985 648 3049 696 ac
3077 634 3315 690 dissidiis
3347 636 3442 688 ali-

1872 722 2089 786 quando
2114 721 2407 788 expeditus
2436 722 2622 785 fuerit,
2657 731 2769 778 tum
2813 727 2923 794 jam
2956 728 3212 783 omnibus
3237 729 3310 783 illi
3348 745 3439 784 σου

1871 810 2109 863 (ΙιἹιιΙυιιι
2137 812 2150 863 l
2179 812 2393 877 benter,
2416 813 2872 883 ambiendamque
2897 818 3144 872 studiose
3169 821 3286 890 ejus
3306 821 3442 874 aliti-

1873 900 2076 953 citiam.
2112 901 2248 956 Nam
2282 914 2394 956 tum
2419 903 2498 957 illi
2522 905 2691 960 armis
2720 906 3020 969 adversari,
3045 923 3148 963 nec
3171 924 3229 963 se
3250 919 3442 978 putare

1872 990 2203 1054 conducere,
2238 1007 2339 1048 nec
2379 994 2512 1061 ipsis
2543 995 2649 1048 hoc
2693 997 2946 1052 suadere.
2987 999 3078 1052 Sic
3116 999 3305 1054 Crales
3331 1016 3439 1055 non

1866 1095 1969 1134 sua
2007 1083 2178 1151 magis
2201 1087 2466 1151 potentia,
2503 1102 2664 1155 quam
2697 1090 3078 1156 seditionibus.
3103 1107 3188 1148 ac
3235 1093 3445 1148 dissen-

1874 1175 2122 1230 sionibus
2164 1177 2533 1232 Romanorum
2563 1181 2804 1237 coaﬁsus
2831 1222 2844 1242 ,
2894 1183 2962 1236 de
2993 1179 3205 1254 integro
3237 1186 3440 1240 bellum

1875 1269 2245 1335 parturiebat,
2278 1280 2332 1324 et
2367 1271 2456 1325 die
2492 1273 2678 1326 altero
2710 1272 2884 1342 prima
2927 1277 3046 1330 luce
3087 1292 3185 1345 per
3223 1278 3445 1346 phalan-

1872 1371 1967 1424 gas
2019 1357 2287 1425 disposito
2339 1362 2581 1416 exercitu
2615 1402 2629 1426 ,
2660 1373 2715 1416 et
2771 1365 2968 1418 castris
3001 1365 3441 1422 Thessalonicam

1872 1448 2204 1524 procedebat
2239 1468 2251 1504 :
2285 1451 2652 1522 similiterque
2699 1454 2998 1524 imperator
3029 1459 3315 1525 pedestres
3337 1501 3350 1522 ,
3388 1470 3445 1514 et

1869 1551 2153 1609 equestres
2192 1544 2378 1611 copias
2412 1546 2650 1600 educens
2677 1587 2691 1606 .
2745 1548 2797 1601 in
2830 1548 2946 1602 acie
2974 1549 3442 1607 adversaconsti-

1874 1633 2083 1687 tuebat.
2107 1632 2312 1688 Neuter
2344 1642 2526 1688 autem
2556 1637 2802 1704 praelium
2831 1639 3172 1703 ordicbatur,
3202 1642 3446 1696 stabant-

1870 1737 1979 1791 que
2009 1723 2136 1788 diu,
2185 1740 2291 1780 nec
2329 1741 2388 1780 se
2445 1726 2724 1781 exercitus
2774 1731 3213 1785 commovebant.
3253 1731 3442 1787 Crales

1874 1813 2092 1868 tandem
2121 1816 2446 1883 imperatori
2484 1821 2727 1878 nuntiat.
2765 1830 2859 1874 aut
2886 1836 3077 1891 pacem
3107 1821 3444 1892 componen-

1872 1903 2016 1970 dam,
2051 1904 2094 1959 si
2129 1908 2427 1975 utrumque
2453 1909 2694 1963 retinere
2734 1912 2899 1976 velit,
2951 1928 3072 1981 qua:
3104 1897 3303 1976 habet;
3350 1900 3442 1968 aut

1871 1997 1991 2052 sine
2027 2011 2179 2051 mora
2217 2013 2455 2067 pugnam
2493 1999 2888 2068 incipiendam.
2924 2001 3260 2058 Renuntiarc
3285 2005 3444 2074 jubet

1871 2089 2194 2159 imperator,
2221 2106 2279 2145 se
2321 2090 2584 2170 hesterno
2611 2092 2700 2147 die
2735 2103 2890 2164 pacta
2926 2095 3189 2163 praeferre
3219 2105 3276 2151 et
3305 2099 3444 2152 ami-

1871 2197 1993 2235 cum
2047 2183 2223 2251 ipsum
2254 2196 2419 2251 quam
2492 2187 2704 2237 hostem
2737 2184 2930 2250 malle,
2989 2187 3036 2239 si
3075 2189 3243 2242 urbes
3277 2190 3438 2248 resti-

1872 2274 2058 2326 tuerit.
2098 2272 2191 2326 Sin
2236 2273 2438 2327 bellum
2499 2275 2548 2328 ei
2593 2278 2837 2344 optatius
2881 2278 2985 2342 sit,
3037 2279 3188 2347 prior
3215 2281 3439 2350 paulum

1873 2378 2216 2433 progressus,
2254 2380 2448 2432 pugna:
2471 2363 2564 2418 det
2605 2364 2826 2418 initium
2855 2383 2869 2419 :
2903 2376 3016 2433 tum
3055 2370 3201 2422 enim
3245 2384 3302 2424 se
3332 2385 3441 2424 non

1873 2453 2244 2507 utconflictus
2269 2464 2571 2521 auctorem,
2610 2458 2703 2510 sed
2740 2466 2799 2510 ut
2829 2458 2914 2511 sui
2947 2458 3292 2514 defensorem
3330 2463 3444 2515 ala-

1871 2545 2038 2599 criter
2068 2545 2480 2612 dimicaturum,
2515 2549 2686 2602 Deum
2734 2559 2900 2620 atque
2944 2552 3199 2609 homines
3237 2563 3444 2609 testan-

1875 2647 2002 2697 tem,
2030 2651 2138 2689 non
2177 2651 2235 2690 se
2263 2638 2420 2703 dare,
2462 2640 2554 2692 sed
2609 2641 2883 2710 accipere,
2921 2654 2985 2696 ac
3031 2646 3244 2712 perpeti
3299 2647 3441 2716 inju-

1871 2726 2005 2778 riam
2044 2745 2058 2779 :
2091 2741 2273 2794 neque
2329 2728 2492 2786 (idem
2531 2729 2805 2799 frangere,
2850 2741 2908 2786 et
2939 2734 3081 2788 male
3116 2733 3336 2790 mereri
3370 2737 3438 2790 de

1872 2819 2075 2880 amico,
2109 2819 2201 2871 sed
2239 2821 2626 2875 necessitatem
2659 2840 2688 2875 a
2721 2831 2780 2877 s'e
2809 2813 3138 2893 exprimere,
3159 2839 3297 2895 quae
3325 2829 3442 2898 ipse

1871 2911 2031 2965 nolit.
2062 2909 2214 2975 Quod
2249 2911 2291 2964 si
2328 2911 2483 2980 prior
2502 2913 2602 2989 ille
2631 2929 2691 2968 se
2736 2917 2991 2983 moverit,
3028 2933 3132 2973 nec
3161 2920 3275 2988 ipse
3298 2935 3442 2981 con-

1874 3012 1955 3058 tra
2008 3003 2327 3072 gradiatur,
2389 3002 2676 3060 victoriam
2722 3006 2827 3061 sibi
2885 3009 3042 3077 quasi
3100 3009 3170 3063 de
3212 3011 3442 3080 fugitivo

210 3109 329 3146 σκεν
377 3094 677 3164 αἱρεῖσθαι,
708 3097 801 3149 καὶ
835 3094 988 3162 φίλον
1019 3095 1233 3148 ἐθέλειν
1298 3095 1498 3164 μᾶλλον
1531 3095 1697 3164 ἐχειν,
1733 3095 1764 3167 ἢ

1875 3094 2088 3148 habent.
2126 3093 2219 3147 llis
2250 3095 2489 3162 acceptis
2518 3135 2532 3158 ,
2568 3095 2756 3150 Crales
2782 3112 2881 3151 nec
2911 3112 2969 3151 se
2996 3113 3190 3168 pugan
3217 3101 3439 3158 avidum

207 3186 483 3256 πολέμιον,
510 3188 606 3250 τὰς
669 3188 855 3250 πόλεις
894 3187 1195 3252 ἀποδόντα-ο
1255 3187 1321 3238 ἂν
1367 3187 1413 3238 δ’
1474 3187 1634 3250 αὐτὸς
1677 3189 1767 3241 τὸν

206 3276 438 3345 πόλεμον
488 3277 719 3346 αἱροῖτο,
753 3277 970 3348 πρῶτον
1002 3275 1204 3345 μᾶλλον
1227 3275 1393 3327 αὐτὸν
1421 3275 1611 3346 ἄρχειν
1628 3292 1768 3344 συμ-

207 3367 359 3437 ϐολῆς
392 3367 598 3437 μικρὸν
631 3368 936 3437 προσάντα,
994 3367 1068 3429 ὡς
1125 3366 1267 3420 οὕτω
1334 3367 1426 3420 καὶ
1478 3367 1641 3419 αὐτὸν
1691 3367 1766 3429 ὡς

205 3459 564 3528 ἀμυνρμενον,
597 3461 696 3511 καὶ
723 3461 823 3512 ούκ
844 3463 1081 3529 ἀρχοντα
1113 3458 1358 3527 πολέμου
1421 3458 1766 3528 ἀγωνιούμε-

207 3568 286 3603 νον
320 3551 642 3620 προθύμως.
690 3551 1240 3621 Ἑπιμαρτυρόμενον
1293 3551 1390 3602 καὶ
1440 3549 1766 3616 ἀνθρώπους

209 3644 293 3695 καὶ
322 3645 466 3707 θεὸν,
496 3644 573 3706 ὡς
602 3645 702 3695 οὐκ
757 3644 952 3707 ἀδικεῖ,
1001 3642 1136 3694 ἀλλά
1194 3642 1401 3710 μᾶλλον
1462 3642 1765 3694 ἀδικεῖται(

207 3735 316 3788 οὐδὲ
339 3737 616 3806 ἐπιορκεῖ,
647 3735 935 3798 καὶκακὸς
988 3730 1128 3788 εἷναι
1188 3734 1436 3803 βούλεται
1497 3736 1624 3803 περὶ
1674 3735 1766 3786 τὸν

209 3829 370 3899 φίλον,
398 3825 756 3895 ἀλλ’ἀνάγκῃ
787 3825 869 3893 ἐφ’
894 3825 930 3878 ἃ
979 3824 1054 3896 μὴ
1087 3825 1333 3894 βούλοιτο
1372 3827 1563 3894 χωρεῖ.
1602 3825 1699 3876 “Av
1722 3824 1765 3876 δ’

208 3918 362 3971 αὑτοῦ
381 3917 705 3986 κινουμένου
723 3917 960 3986 πρώτου,
986 3917 1214 3986 ἔφασκε,
1250 3917 1324 3985 μὴ
1355 3915 1418 3968 τὸ
1450 3917 1767 3984 στράτευμα

209 4008 609 4080 ἀντεπάγῃκαὶ
640 4009 824 4073 αὐτὸς,
861 4009 959 4078 τὴν
995 4007 1152 4076 νίκην
1214 4011 1421 4062 ἐκεῖνον
1468 4009 1631 4078 ἔχειν,
1695 4009 1769 4070 ὡς

210 4097 363 4151 αὑτοῦ
409 4099 926 4168 φυγομαχήσαντος.
983 4098 1201 4167 Κρὰλης
1268 4097 1324 4149 δέ
1385 4100 1506 4150 ἐπεὶ
1542 4096 1772 4149 ἐπύθετο

209 4191 320 4254 τοὺς
352 4191 624 4259 βασιλέως
668 4190 882 4257 λόγους,
942 4191 1163 4260 πέμψας
1185 4186 1364 4253 αὖθις,
1401 4189 1607 4257 ἔφασκε
1643 4188 1768 4258 μηδ’

212 4281 360 4334 αὑτὸν
414 4281 703 4350 βούλεσθαι
752 4281 848 4351 τὴν
881 4283 1058 4351 μάχην
1078 4289 1095 4312 ί
1121 4281 1187 4334 ἂν
1243 4282 1300 4333 δὲ
1332 4282 1583 4348 φαίνοιτο
1608 4281 1772 4334 κινῶν

212 4374 298 4434 τὰς
320 4361 614 4443 φάλαγγας
641 4374 782 4445 μετά
821 4375 1045 4442 μικρὸν,
1103 4375 1179 4444 μὴ
1231 4373 1472 4444 νομίζειν
1533 4373 1765 4437 ἐπιέναι,

213 4461 317 4514 ἀλλ’
346 4461 701 4533 ἀναχώρησιν
725 4457 869 4515 εἶναι
897 4465 995 4532 τὴν
1030 4466 1244 4533 κίνησιν
1281 4466 1416 4531 πρὸς
1440 4465 1500 4516 τὸ
1542 4465 1767 4532 στρατόν

213 4553 381 4608 πεδον.
424 4553 665 4608 Τοιαῦτα
694 4555 722 4606 ὁ
751 4553 972 4624 Κράλης
1039 4551 1159 4606 εἷπε
1187 4571 1202 4586 ο
1241 4559 1334 4606 καὶ
1384 4559 1521 4623 μετά
1574 4556 1768 4624 μικρὸν

213 4645 548 4716 ἀναστρέψας
605 4641 760 4709 αὖθις
814 4645 1070 4714 ηὐλίσατο
1117 4646 1252 4715 πρὸς
1299 4645 1360 4698 τὸ
1409 4645 1768 4716 στρατόπεδον

214 4735 302 4807 τὴν
327 4739 516 4792 νύκτα.
553 4736 663 4789 Καὶ
689 4735 943 4806 βασιλεὺς
964 4737 1164 4806 ὁμοίως
1192 4736 1512 4806 εἰσήλαυνεν
1564 4738 1642 4799 είς
1669 4736 1768 4805 τὴν

216 4824 357 4877 πόλιν
387 4823 530 4894 μετὰ
552 4817 654 4893 τῆς
680 4827 964 4901 στρατιᾶς.
1006 4825 1226 4894 Κράλης
1259 4825 1314 4878 δέ
1371 4831 1450 4888 ei;
1489 4827 1584 4896 τὴν
1613 4828 1767 4878 ὑστε-

219 4915 364 4982 ραίαν
383 4915 572 4976 διαϐὰς
596 4915 687 4969 τὸν
722 4915 946 4989 ’Δξειδν,
979 4916 1048 4968 τὰ
1109 4917 1235 4986 περὶ
1295 4917 1555 4970 Ἔδεσσαν
1613 4917 1768 4969 κατέ-

215 5002 404 5073 δραμε,
456 5006 550 5057 ttat
613 5006 1356 5074 περιστρατοπεδευσάμενος
1434 5005 1765 5074 ἐπολιόρκει.

217 5094 468 5160 Βασιλεύς
491 5112 548 5147 τε
582 5096 702 5149 ἐπεὶ
735 5095 810 5165 μὴ
839 5096 1012 5148 ἐδόκει
1041 5097 1118 5147 ἔτι
1159 5097 1386 5164 μέλλειν’
1415 5097 1473 5147 ἐν
1501 5095 1770 5147 Θεσσαλο-

219 5185 354 5256 νίκῃ,
381 5188 641 5256 πράττειν
667 5189 776 5257 γὰρ
805 5188 884 5242 ἔτι
925 5186 1204 5254 ἀξιόλογον
1245 5186 1397 5239 οὐδὲν
1447 5186 1596 5252 ἐξῆν,
1636 5203 1770 5255 παρ-

218 5279 555 5343 εσκευάζετο,
584 5278 657 5339 ώς
686 5282 765 5340 εἰς
787 5277 1079 5341 Βυζάντιον
1101 5278 1522 5346 πλευσούμενος.
1545 5276 1770 5329 Μέλλων

217 5368 271 5420 δὲ
298 5359 548 5438 ἀπαίρειν
581 5369 705 5439 ἤδη,
733 5368 902 5420 πολλὰ
942 5370 1151 5438 βασιλεῖ
1177 5369 1256 5438 τῷ
1281 5369 1386 5438 νέῳ
1411 5367 1538 5437 περὶ
1560 5365 1653 5418 τοῦ
1696 5368 1768 5435 μὴ

219 5455 488 5509 πείθεσθαι
514 5458 747 5526 παρήνει
768 5458 978 5530 Κράλη.
1018 5459 1172 5510 Ἥδει
1201 5459 1308 5527 γὰρ
1348 5459 1768 5527 ἐπιχειρήσοντα

222 5547 436 5613 ἐκεῐνον,
491 5548 646 5610 αὖθις
672 5549 762 5601 τὸν
804 5549 938 5618 πρὸς
992 5549 1254 5617 ἀλλήλους
1305 5531 1542 5617 πόλεμον
1602 5549 1772 5600 κινεῖν

228 5636 524 5704 Ῥωμαίων,
559 5640 627 5692 ἶν’
652 5641 802 5709 αὐτῷ
840 5639 933 5710 ἐξῇ
964 5643 1060 5704 τὰς
1114 5641 1294 5704 πόλεις
1319 5697 1321 5699 _
1345 5641 1508 5712 ἔχειν,
1551 5641 1773 5694 ἐκείνων

220 5727 624 5798 ἀπολουμένων
653 5736 789 5801 πρὸς
813 5717 1103 5804 ἀλλήλους,
1140 5735 1235 5788 καὶ
1275 5733 1625 5786 συνεϐούλευε
1671 5749 1773 5800 φυ-

1873 3199 1995 3238 esse
2025 3183 2182 3240 dixit.
2213 3182 2268 3236 Si
2293 3183 2591 3261 phalangas
2611 3184 2776 3253 paulo
2807 3195 2928 3262 post
2956 3187 3162 3262 moveri
3197 3187 3398 3257 viderit
3421 3227 3438 3251 ,

1873 3290 1942 3329 ne
1971 3284 2127 3342 putet
2158 3282 2368 3328 motum
2401 3258 2558 3329 illum
2585 3275 2669 3328 sui
2707 3258 3028 3338 invadendi,
3057 3277 3150 3330 sed
3181 3278 3234 3331 in
3262 3290 3440 3332 castra
3543 3325 3546 3327 ,

1874 3352 2190 3421 revertendi
2223 3380 2389 3420 causa
2430 3366 2720 3420 exsistere.
2771 3367 2896 3422 llaec
2947 3367 3154 3423 Crales.
3201 3368 3316 3443 Nec
3343 3369 3440 3421 diu

1872 3467 1996 3526 post
2021 3458 2078 3510 in
2115 3465 2291 3516 castra
2332 3472 2391 3511 se
2426 3457 2718 3526 recipiens.
2756 3457 2832 3511 ibi
2865 3459 3231 3528 pernoctavit.
3264 3460 3440 3530 Impe-

1872 3560 2022 3603 rator
2054 3563 2274 3616 quoque
2328 3564 2452 3602 cum
2483 3549 2808 3604 cohortibus
2839 3550 2957 3615 suis
2998 3551 3190 3606 urbem
3233 3552 3442 3620 repeti-

1873 3643 1969 3694 vit.
2019 3642 2205 3696 L‘rales
2259 3639 2398 3694 Axio
2453 3646 2799 3705 transmisso,
2827 3649 2884 3695 et
2925 3640 3187 3699 ﬁnitimos
3225 3642 3445 3698 Edessa

1873 3732 2022 3786 locos
2055 3731 2421 3798 deprazdatus,
2459 3732 2635 3799 ipsam
2668 3733 2926 3788 obsidere
2967 3734 3227 3790 instituit.
3269 3737 3446 3804 Impe-

1875 3834 2022 3876 rator
2073 3838 2195 3875 cum
2262 3821 2475 3876 diutius
2530 3823 2938 3880 Thessalonica:
2988 3828 3445 3883 commorandum

1876 3929 1985 3968 non
2020 3920 2259 3982 putaret,
2287 3915 2434 3982 quod
2480 3917 2620 3971 nihil
2650 3899 3008 3972 memtirabile
3048 3921 3321 3987 agendum
3353 3935 3448 3974 re-

1877 4013 2070 4066 staret,
2102 4005 2426 4074 Byzantium
2451 4006 2856 4075 navigationem
2887 4010 3263 4077 oomparabat.
3283 4009 3448 4080 794

1876 4095 2231 4148 Discessurus
2263 4135 2276 4155 ,
2314 4096 2592 4159 luuiorem
2653 4098 3044 4165 imperatorem
3095 4101 3360 4167 majorem
3389 4101 3446 4154 in

1876 4186 2098 4240 modum
2147 4185 2492 4252 hortabatur,
2553 4201 2622 4241 ne
2675 4187 2821 4242 Graii
2877 4189 3101 4244 ﬁderet-
3141 4191 3257 4245 lam
3296 4193 3444 4246 enim

1879 4293 2072 4333 rursus
2103 4293 2418 4348 aggressum
2454 4280 2598 4335 bello
2621 4282 2790 4358 civili
2826 4259 3102 4337 Remanos
3136 4285 3444 4352 implicare,

1880 4380 1940 4443 u\t
1971 4372 2044 4429 iis.
2084 4372 2227 4425 inter
2275 4387 2335 4424 se
2367 4372 2760 4427 dimicantibus
2785 4415 2797 4436 ,
2837 4377 2953 4442 ipse
2992 4359 3166 4429 urbes
3200 4377 3302 4430 sibi
3348 4377 3447 4430 ha-

1878 4465 2021 4525 heat,
2064 4475 2119 4517 et
2176 4465 2435 4518 monebat
2483 4476 2701 4517 caveret
2765 4465 3013 4531 insidias,
3051 4483 3174 4534 quae
3212 4483 3318 4522 non
3357 4484 3443 4523 res

1872 4568 2102 4622 parvas.
2141 4554 2240 4608 sed
2290 4555 2584 4623 imperium
2623 4557 2799 4624 ipsum
2849 4558 3176 4626 attingerent
3225 4576 3242 4615 :
3297 4560 3442 4614 unde

1872 4661 1981 4698 non
2013 4646 2079 4700 ad
2107 4647 2286 4715 ipsum
2325 4647 2616 4713 duntaxat,
2657 4649 2751 4701 sed
2789 4648 2856 4701 ad
2892 4650 3030 4719 alios
3073 4666 3297 4718 quoque
3328 4652 3440 4704 Ro-

1874 4751 2065 4791 manos
2125 4737 2403 4791 calamitas
2461 4737 2819 4792 redundaret.
2883 4738 3122 4793 Tametsi
3182 4741 3229 4794 is
3290 4741 3440 4795 aliud

1872 4843 2034 4894 quant
2062 4842 2146 4879 res
2171 4836 2256 4880 est
2289 4828 2550 4894 loquens,
2575 4838 2630 4880 et
2660 4829 2933 4882 mentiens
2965 4867 2980 4891 ,
3016 4830 3181 4892 dicat,
3211 4830 3441 4900 impigre

1873 4935 1932 4972 se
1968 4919 2143 4988 ipsum
2197 4919 2540 4986 adjuturum,
2598 4935 2705 4986 quo
2746 4930 3034 4986 paternum
3069 4922 3361 4990 imperium
3409 4940 3440 4976 a

1877 5019 2100 5078 raptore
2151 5021 2476 5079 recuperet,
2516 5025 2756 5079 eumque
2808 5012 3101 5065 ulciscatur
3130 5029 3143 5065 :
3177 5030 3300 5066 cum
3335 5015 3441 5069 du-

1872 5100 2099 5163 bitetur,
2138 5115 2204 5152 an
2229 5113 2335 5153 non
2370 5100 2545 5152 solum
2584 5100 2636 5154 ei
2665 5101 2954 5169 imperium
3002 5117 3112 5156 non
3155 5106 3442 5158 restitutu-

1875 5207 1988 5253 rus,
2021 5191 2164 5259 quod
2226 5200 2404 5244 tamen
2439 5191 2782 5258 polliceatur,
2826 5192 2922 5246 sed
2964 5194 3130 5249 etiam
3165 5195 3288 5247 vita:
3322 5198 3443 5264 ejus

1878 5283 2103 5337 insidias
2143 5283 2516 5366 instructurus
2558 5283 2650 5335 sit.
2699 5283 2910 5336 Nullam
2942 5283 2993 5336 ei
3039 5284 3197 5338 (idem
3244 5286 3440 5340 horum

1875 5373 2204 5433 commodet,
2244 5381 2507 5440 certoque
2547 5374 2705 5434 sciat,
2740 5374 2923 5426 omnia
2983 5374 3098 5428 haec
3143 5375 3442 5431 artiﬁciose

1872 5465 2051 5528 strui,
2091 5474 2148 5517 ut
2186 5465 2368 5532 potius
2427 5464 2546 5532 ipse
2580 5467 2726 5534 quod
2780 5466 3052 5534 reliquum
3091 5476 3177 5520 est
3223 5467 3436 5536 imperii

1874 5569 2068 5612 secure
2118 5554 2362 5608 devoret.
2417 5554 2474 5608 Si
2519 5556 2720 5623 spretis
2774 5557 3242 5611 admonitionibus
3293 5558 3434 5622 (ξι-διε

1875 5644 2191 5704 crediderit,
2228 5653 2358 5698 tunc
2386 5646 2732 5714 cogniturum
2765 5662 2888 5700 esse
2908 5687 2924 5708 ,
2963 5658 3226 5714 quantum
3255 5648 3438 5702 damni

1880 5733 2093 5798 tecerit,
2134 5735 2355 5803 quando
2388 5749 2490 5790 nec
2519 5735 2664 5805 ipsi,
2695 5750 2794 5790 nec
2837 5738 2959 5788 aliis
2995 5741 3161 5791 ullum
3205 5739 3439 5794 fructum
