4116 6322
92 360 175 427 381
1033 376 1342 437 CONTRA
1384 377 1887 453 MAHOMETENI
1931 377 2312 441 APOLOGIA
2361 379 2408 439 Ι.

3243 368 3356 441 382

93 476 396 569 ετραςένῖος
425 480 534 536 ἀπὺ
593 483 695 556 τῆς
731 489 964 557 ματαίας
1020 491 1114 545 καὶ
1172 486 1662 562 πατροπαραδότου

1769 499 1825 547 et
1855 469 2014 562 quasi
2040 491 2248 548 oblitus
2279 491 2484 563 ingenii
2517 489 2652 553 mei,
2699 488 3071 546 tenuitatiset
3101 489 3358 558 inscitia,

93 570 364 659 θρησκείας
397 573 535 645 πρὸς
574 575 676 647 τὴν
708 577 986 651 ἀκραιφνῆ
1047 585 1142 636 καὶ
1195 583 1502 652 ἀμώμητον
1560 583 1655 638 τοῦ

1769 582 2215 654 rusticitatisqne,
2267 598 2377 652 qua
2433 597 2678 653 premor,
2749 579 3023 659 rationem
3080 580 3359 654 Apologia

95 648 302 731 Χίῖιστοῦ
348 665 553 731 πίστιν,
579 669 672 721 καὶ
696 668 797 742 τὴν
827 648 1211 745 τῆςάληθείας
1238 648 1250 652 -
1268 648 1411 729 Mdv.
1467 676 1658 746 Παρα-

96 753 417 809 κὰλῶτοίνυν
458 758 679 814 ἀκούειν
724 764 978 828 συνετῶς.
1018 755 1153 820 Οὐδὲ
1183 765 1291 836 γὰρ
1340 767 1438 820 ἀπ’
1485 768 1658 837 ἐμαυο

93 842 170 895 τοῦ
219 846 393 915 μέλλω
427 848 684 921 λαλήσειν
709 846 855 924 τιτρδς
880 855 960 922 σε,
1007 857 1127 910 ούδέ
1179 857 1239 920 ἐξ
1273 850 1348 912 ὧν
1399 859 1563 929 ὑμεῖς
1594 857 1656 911 ού

95 938 463 1007 παραδέχεσθε,
519 942 637 995 ἀλλ’
665 944 775 998 ἀπὸ
820 945 926 1000 τῶν
977 947 1177 1017 βίϐλων
1206 930 1304 1003 ὤν’
1341 930 1549 1014 πάντες
1606 951 1656 1004 οἱ

95 1026 483 1098 Μουςουλμάνοι
517 1033 873 1104 ὁμολογοῦσιν
927 1037 1068 1091 εἶναι
1103 1037 1325 1104 ἀληθεῖς
1369 1041 1464 1093 καὶ
1496 1041 1659 1110 ἁγίας

95 1119 314 1187 Γραοὰς,
353 1118 448 1176 καὶ
479 1125 588 1179 ἀπὸ
629 1125 725 1180 τοῦ
757 1127 893 1183 Θεοῦ
925 1129 1235 1199 δεδομένας.
1287 1131 1498 1202 Σκέψαι
1540 1133 1659 1186 τοί-

97 1229 196 1274 νυν,
228 1213 296 1282 μή
327 1232 461 1269 ποτε
491 1218 673 1291 πάθῃς
701 1220 1006 1289 παρόμοιον
1031 1223 1146 1283 τοῖς
1172 1223 1487 1292 ἱσταμένοις
1518 1223 1656 1277 ἐπάε-

97 1324 158 1357 νω
187 1306 494 1378 θησαυρῶν,
532 1311 626 1364 καὶ
663 1312 738 1383 μὴ
771 1311 1138 1381 γινώσκουσιν
1192 1315 1327 1387 ἔνθα
1386 1315 1656 1378 ἵστανται,

95 1399 170 1449 καὶ
196 1400 245 1451 τί
294 1401 412 1454 ἑστι
456 1401 683 1471 πλησίον
708 1405 946 1469 τούτοις.
999 1407 1106 1459 Καὶ
1138 1409 1251 1478 γὰρ
1300 1409 1497 1460 ἐκείνοι
1531 1425 1661 1477 σχε-

91 1490 164 1541 δὸν
191 1491 244 1542 ἐν
269 1494 390 1556 ταῖς
425 1495 637 1550 ἐαυτῶν
664 1497 854 1568 χερσὶν
900 1498 1082 1568 ἔχουσι
1121 1500 1213 1552 τὸν
1259 1498 1437 1570 μέγαν
1497 1498 1662 1554 πλοῦ-

90 1599 186 1646 τον,
209 1584 311 1636 ἀπὸ
340 1585 394 1638 δὲ
423 1588 648 1654 ἀγνοίας
693 1588 902 1646 τούτων
931 1592 1121 1653 κεναῖς
1156 1591 1496 1661 ἀπέρχονται
1521 1594 1645 1654 ταῖς

90 1675 246 1742 χερσὶ,
287 1677 381 1730 καὶ
415 1679 533 1740 τοῖς
574 1678 888 1752 ισταμένοις
926 1682 1092 1749 μέσον
1145 1679 1381 1750 ποτίμου
1412 1682 1505 1734 καὶ
1534 1681 1661 1735 διει-

91 1765 335 1835 δεστάτης
365 1768 764 1840 βρῶσεως,’κάὶ
778 1774 1181 1843 ἀπερχομένοις
1205 1772 1456 1841 διψῶσιν.
1495 1773 1658 1827 Ἀλλὰ

1763 665 1968 727 nostra:
2005 673 2240 728 reddere
2287 672 2526 735 institui.
2556 682 2611 728 et
2651 672 2948 727 ostendere
2995 687 3061 727 ea
3111 672 3241 740 tibi,
3289 673 3359 728 de

1759 763 1967 833 quibus
1999 765 2307 820 dubitando
2336 765 2770 835 interrogavisti,
2815 779 3054 834 quorum
3083 762 3332 836 cognitio

1763 870 1887 910 nem
1932 857 2048 927 ipse
2088 858 2320 913 auribus
2353 860 2664 929 percepiet
2702 859 2886 913 animo
2931 858 3164 913 edoctus
3210 871 3358 923 sum,

1760 947 1857 1004 Dei
1888 949 2095 1004 auxilio
2122 950 2385 1004 nimirum
2425 951 2604 1007 oculis
2640 950 2783 1006 meis
2825 950 3066 1021 apertis,
3086 964 3285 1020 meque
3329 965 3360 1005 a

1763 1054 1926 1103 vana,
1961 1034 2241 1108 perversa,
2273 1057 2303 1096 a
2333 1043 2589 1112 patribus
2625 1042 2823 1098 tradita
2853 1040 3254 1111 superstitione
3289 1038 3361 1095 ad

1762 1129 2036 1185 sinceram
2075 1141 2130 1186 et
2163 1133 2500 1202 inculpatam
2547 1132 2755 1191 Christi
2807 1134 2968 1187 ﬁdem
3007 1142 3063 1188 et
3112 1133 3363 1187 veritatis

1763 1221 1905 1276 viam
1949 1239 2240 1279 converso.
2267 1224 2471 1281 Hortor
2503 1227 2710 1296 itaque,
2759 1235 2822 1281 ut
2861 1233 3110 1281 attentus
3135 1224 3360 1301 audias.

1761 1311 1912 1368 Nihil
1939 1316 2087 1369 enim
2115 1329 2179 1372 es
2213 1332 2299 1371 me
2325 1317 2578 1372 dicturus
2604 1333 2752 1381 sum,
2794 1331 2977 1386 neque
3021 1333 3088 1370 ex
3127 1317 3209 1370 his
3240 1331 3364 1386 qua:

1763 1420 1791 1459 a
1820 1406 1977 1462 vobis
2009 1422 2118 1461 non
2151 1410 2521 1480 recipiuntur,
2555 1410 2651 1467 sed
2696 1424 2887 1464 eorum
2935 1419 3058 1463 utar
3089 1409 3365 1462 librorum

1766 1497 2128 1564 testimoniis,
2179 1515 2321 1570 quos
2370 1516 2564 1555 omnes
2612 1499 2946 1557 Musuimani
2993 1516 3092 1571 pro
3124 1498 3275 1555 veris
3308 1510 3366 1555 et

1762 1593 2134 1645 sacrosanctis
2186 1593 2496 1662 Scripturis
2533 1610 2561 1648 a
2617 1593 2727 1647 Deo
2765 1592 2912 1647 datis
2956 1604 3268 1664 agnoscunt
3311 1599 3367 1646 et

1765 1679 2029 1738 fatentur.
2071 1681 2179 1739 Fac
2217 1683 2406 1756 igitur,
2451 1700 2520 1740 ne
2557 1684 2655 1740 tibi
2700 1685 2845 1739 idem
2876 1686 3183 1754 contingat.
3215 1681 3365 1753 quod

1768 1773 1838 1828 iis
1862 1774 1956 1845 qui
1984 1775 2262 1832 thesauris
2289 1777 2343 1831 in
2368 1787 2571 1831 terram
2607 1776 2841 1833 defossis
2871 1776 3214 1839 insistentes,
3248 1775 3370 1830 cui-

91 1860 225 1924 γενοῦ
259 1863 450 1930 ὅμοιος
500 1868 613 1927 τοῖς
660 1864 899 1918 κοπιῶσι
962 1867 1055 1917 καὶ
1106 1865 1373 1934 ἱδροῦσιν,
1427 1866 1515 1919 ἵνα
1569 1868 1661 1921 τὸν

1769 1882 1893 1920 nam
1939 1869 2015 1922 rei
2065 1868 2344 1931 insistant,
2374 1878 2433 1925 et
2461 1868 2726 1939 quidnam
2759 1869 2897 1938 ipsis
2931 1869 3243 1938 proximum
3269 1866 3366 1932 sit,

91 1956 454 2023 κεκρυμμένον
486 1954 582 2008 καὶ
613 1956 814 2026 ,ἀφανῆ
889 1955 1166 2027 θησαυρὸν
1238 1958 1520 2011 ἐκϐάλωσι
1565 1960 1660 2010 καὶ

92 2045 405 2114 κερδήσωσι,
439 2053 534 2100 καὶ
567 2048 691 2101 ἐπεὶ
720 2049 790 2101 τὰ
829 2049 940 2112 τοῖς
973 2049 1204 2102 ἀσεϐέσι
1254 2051 1351 2103 καὶ
1394 2051 1663 2120 ἀμαθέσιν

93 2139 415 2210 ἀγνοούμενα
445 2140 584 2194 Θεοῦ
613 2141 772 2210 λόγια
802 2141 904 2214 ήδη
940 2141 1076 2213 πρὸς
1113 2143 1172 2195 τὸ
1206 2143 1385 2213 παρὸν
1417 2144 1661 2213 ἐγχειρί-

93 2231 252 2290 ζονταί
301 2248 426 2298 -σοι,
477 2231 745 2304 πρόσεξον
806 2233 894 2296 ἵνα
961 2233 1103 2303 μετὰ
1162 2233 1659 2303 μεμεριμνημένου

93 2323 270 2376 σκοποῦ
318 2325 414 2376 καὶ
440 2326 706 2394 ἀκριϐοῦς
744 2325 1047 2389 ὲΞετάιεως
1089 2323 1313 2396 διέλθῃς
1364 2324 1526 2386 αὐτὰ,
1563 2326 1661 2378 καὶ

92 2415 356 2486 ὲμπλῃθῇς
386 2417 541 2479 θείας
566 2416 823 2485 γνώσεως
849 2417 940 2468 καὶ
971 2415 1254 2485 ἀληθείας.
1293 2417 1525 2486 Μεγάλη
1553 2416 1663 2487 γάρ

91 2506 220 2559 ἐστιν
275 2509 311 2578 ἡ
344 2508 455 2562 τῶν
487 2508 834 2578 Χριστιανῶν
881 2508 1081 2571 πίστις,
1117 2508 1212 2559 καὶ
1255 2508 1400 2577 μέγα
1456 2510 1666 2580 μυστή-

94 2593 340 2663 ριόν’ἐστι
369 2599 473 2672 τῆς
499 2599 595 2654 τοῦ
639 2599 773 2654 Υἱοῦ
800 2597 895 2654 τοῦ
920 2597 1059 2652 Θεοῦ
1093 2599 1429 2669 σαρκώσεως
1467 2600 1662 2670 ηὐπο-

95 2689 243 2752 Orate.

1765 1971 1873 2012 non
1904 1959 2244 2031 intelligunt.
2283 1961 2347 2016 Hi
2379 1960 2526 2017 enim
2561 1962 2813 2032 ingentes
2861 1960 3090 2016 divitias
3149 1967 3364 2014 tantum

1763 2065 1871 2102 non
1911 2050 1964 2103 in
2001 2052 2257 2108 manibus
2301 2053 2593 2117 habentes,
2619 2064 2848 2124 propter
2869 2052 3241 2123 ignorantiam
3270 2052 3369 2107 ha-

1764 2153 1889 2192 rnm
1933 2142 2126 2197 vacuis
2159 2142 2455 2198 discedunt
2502 2143 2779 2207 manibus.
2819 2141 2914 2197 Vel
2952 2158 3022 2198 ne
3040 2130 3141 2198 'his
3171 2141 3370 2197 similis

1764 2236 1883 2298 ilas,
1921 2235 2015 2306 qui
2048 2234 2382 2290 dulcissimae
2414 2245 2608 2306 potatu
2657 2245 2713 2290 et
2751 2234 3156 2304 limpidissimm
3227 2234 3367 2290 assi—

1763 2337 1973 2383 stentes
1990 2327 2335 2398 scaturigini,
2355 2327 2624 2383 sitibundi
2660 2337 2841 2384 tamen
2872 2311 3190 2383 discedunt.
3219 2325 3368 2394 Quin

1762 2418 1952 2486 potius
1981 2417 2288 2472 laboriosos
2321 2417 2446 2472 illos
2479 2428 2536 2473 et
2578 2419 2843 2474 sudantes
2887 2419 3133 2484 imitare,
3180 2417 3276 2489 qui
3310 2417 3368 2472 in

1769 2512 1874 2564 hoc
1907 2519 2061 2573 sunt,
2097 2521 2158 2563 ιιι
2189 2511 2469 2566 defossum
2505 2512 2660 2566 illum
2693 2521 2748 2567 et
2801 2512 3192 2567 absconditum
3247 2510 3371 2567 tbe-

1765 2617 1992 2659 saturum
2019 2601 2306 2667 eﬂ‘odiant,
2341 2614 2396 2658 et
2430 2605 2585 2659 lucro
2620 2604 2894 2660 ditentur.
2935 2603 3096 2659 Tunc
3134 2603 3368 2668 etenim,

1765 2709 1889 2764 quae
1918 2690 2102 2762 impiis
2128 2704 2185 2748 et
2224 2695 2466 2749 indoctis
2502 2696 2690 2767 ignota
2718 2705 2869 2760 sunt,
2903 2696 2998 2752 Dei
3045 2696 3274 2752 oracula
3311 2695 3370 2752 in

95 2785 492 2853 pnesentiarum
521 2787 620 2844 tibi
658 2787 922 2854 revelata,
954 2804 1056 2844 ceu
1094 2786 1148 2841 in
1199 2802 1394 2842 manus
1441 2788 1752 2843 tradentur.
1785 2786 2023 2841 Attende
2056 2785 2248 2855 igitur,
2303 2797 2363 2842 ut
2432 2803 2603 2858 scapo
2666 2798 2722 2844 et
2773 2788 3077 2863 proposito
3127 2787 3371 2858 diligen-

93 2887 164 2930 ter
206 2879 578 2948 considerato,
639 2869 698 2936 et
737 2880 987 2954 diligenti
1032 2881 1195 2937 simul
1245 2879 1671 2950 investigatione
1712 2877 1829 2931 haec
1865 2886 2058 2932 nostra
2099 2879 2269 2949 legas,
2337 2889 2399 2934 ut
2447 2880 2635 2936 divina
2670 2880 2906 2936 scientia
2947 2881 3114 2934 simul
3139 2887 3196 2935 et
3225 2880 3372 2935 veri-

98 2981 189 3026 tate
216 2972 514 3044 implearis.
543 2972 733 3045 Magna
756 2981 842 3031 est
897 2974 1049 3048 enim
1073 2972 1519 3029 Christianorum
1581 2970 1738 3026 iides.
1783 2977 1835 3023 et
1866 2983 2124 3039 magnum
2156 2970 2481 3041 mysterium
2523 2980 2612 3027 est
2646 2970 2850 3027 Christi
2883 2971 3008 3026 Filii
3047 2972 3146 3028 Dei
3178 2972 3370 3027 incar-

95 3068 310 3125 nationis
337 3069 647 3138 negotium.

155 3171 219 3217 α’.
250 3159 447 3230 Εἷπας,
482 3161 611 3225 ῐΙῶς
645 3164 764 3216 ἐστι
811 3163 1040 3240 δυνατὸν
1067 3162 1160 3216 τδν
1192 3161 1329 3216 Θεδν
1353 3159 1500 3228 ἔχειν
1533 3157 1652 3211 ιιέδν

1834 3154 1885 3209 i.
1902 3153 2228 3220 'Quomodo,
2251 3154 2456 3224 inquis,
2489 3155 2754 3225 possibile
2767 3168 2852 3212 est
2879 3156 2993 3212 Deo
3017 3171 3141 3212 esse
3166 3155 3370 3224 Filium

101 3257 214 3309 ἀνευ
254 3254 555 3324 γυναικῦςς
584 3253 720 3321 Καὶ,
765 3253 891 3318 Πῶς
932 3255 1048 3307 ἐστι
1093 3252 1322 3306 δυνατὸν
1352 3248 1656 3317 Θεονγενέ-

97 3352 202 3401 σθαι
243 3347 570 3420 ἀνθρωπονς
616 3348 714 3411 Τίς
740 3349 800 3419 δέ
824 3348 933 3401 τῶν
964 3347 1138 3417 ἀγίων
1168 3345 1387 3411 ἐδίδαξε
1435 3341 1536 3413 τὴν
1568 3335 1658 3394 το·

96 3443 277 3514 σαύτην
299 3439 595 3509 ἀσέϐειανς
631 3435 895 3506 “lineis;
928 3441 1041 3494 τῶν
1069 3438 1372 3510 προφητῶν
1400 3438 1457 3489 ἐν
1491 3436 1662 3488 ὀτττα-

96 3534 170 3604 σίᾳ
215 3535 374 3589 τοῦτο
435 3534 758 3602 ἐθεάσατος
799 3534 911 3589 Καὶ
965 3535 1032 3588 σὺ
1083 3533 1186 3604 μὲν
1231 3530 1427 3586 ταῦτα·
1494 3529 1659 3598 ἡμεῖς

96 3626 397 3698 ﬂung,"
424 3626 626 3692 οὕτως’
651 3621 787 3682 ’Ὅτι
846 3626 948 3698 μέν
985 3625 1115 3690 Θεδς
1145 3628 1296 3678 ἐστιν
1343 3623 1374 3677 δ
1423 3622 1660 3693 ποιητὴς

97 3717 290 3772 πάντων
330 3717 551 3792 ὁρατῶν
576 3735 635 3773 τε
677 3717 775 3772 καὶ
803 3719 1076 3790 ἀοράτων,
1140 3716 1530 3788 ἐδιδάχθημεν,
1565 3717 1663 3770 καὶ

97 3807 413 3879 ἐγνώκαμεν,
451 3808 549 3863 καὶ
578 3808 930 3878 πιστεύομεν,
966 3808 1060 3862 καὶ
1081 3807 1479 3878 ὁμολογοῦμεν·
1524 3807 1579 3860 τί
1604 3804 1664 3860 ει

99 3901 193 3952 ἐστι
220 3901 370 3965 Θεὸς,
398 3899 523 3954 οὗτε
554 3899 936 3969 ἐδιδάχθημεν,
962 3895 1089 3952 οὔτε
1132 3895 1487 3969 ἐγνώκαμεν,
1545 3895 1663 3951 ἀλλ’

98 3988 203 4043 οῦτε
241 3991 377 4053 ὅλως
433 3991 532 4042 ἐπί
558 3989 660 4062 τὴν
697 3987 929 4058 καρδίαν
954 3987 1111 4058 ἡμῶν
1139 3987 1310 4058 ἀνέϐη
1345 3987 1440 4041 τοῦ
1468 3985 1666 4046 ποιού-

99 4099 180 4154 τςδυ
229 4081 580 4153 ἀσεϐήματος
643 4081 678 4152 ’ἦ
711 4080 980 4147 ἐξέτασις.
1039 4080 1153 4134 Καὶ
1206 4079 1290 4132 δτι
1343 4081 1373 4132 δ
1428 4078 1666 4150 Χριστος

103 4173 210 4237 Υίὲς
237 4176 328 4239 καὶ
348 4175 525 4240 Λόγος
546 4171 643 4224 τοῦ
675 4167 815 4224 Θεοῦ
864 4169 1006 4234 ἐστι,
1037 4169 1134 4222 καὶ
1169 4167 1305 4231 Θεὸς
1338 4170 1480 4234 ἐστι,
1506 4169 1668 4222 τοῦτο

103 4266 182 4318 καὶ
204 4264 584 4337 ἐδιδάχθημεν,
638 4263 736 4316 καὶ
766 4262 1109 4329 ἐγνώκαμεν,
1167 4260 1262 4313 καὶ
1309 4259 1666 4329 πιστεύομεν,

104 4357 183 4412 καὶ
205 4358 596 4428 ὁμολογοῦμεν.
628 4353 752 4414 Πῶς
774 4352 830 4408 δέ
858 4353 1009 4406 ἐστιν
1070 4354 1103 4422 ἡ
1149 4351 1352 4406 τούτου
1385 4353 1668 4423 γέννησις,

103 4453 242 4520 ἡμᾶς
269 4453 371 4504 οὐκ
403 4449 652 4520 οίδαμεν,
677 4446 804 4501 οὔτε
837 4446 1222 4518 ἐδιδάχθημεν,
1248 4445 1365 4499 ἀλλ’
1399 4446 1528 4500 οὕτε
1560 4447 1672 4513 ἐεεο

1761 3250 1880 3307 sine
1904 3249 2135 3302 muliere
2159 3249 2182 3301 ?
2204 3248 2491 3314 Quomodo
2508 3249 2638 3303 item
2661 3248 3120 3305 Deushomoiieri
3141 3258 3325 3319 potest
3347 3252 3376 3308 τ

1759 3341 1895 3408 Quis
1921 3339 2160 3409 denique
2185 3346 2505 3394 sanctorum
2530 3339 2673 3393 hanc
2694 3339 2885 3394 docuit
2909 3347 3120 3395 tantam
3172 3340 3371 3411 impie-

1763 3443 1931 3490 tatem
1951 3433 1973 3501 ,'
1993 3442 2089 3487 aut
2113 3432 2368 3502 quisnam
2395 3431 2793 3502 prapbetarum
2820 3432 2926 3487 hoc
2954 3449 3056 3504 per
3097 3433 3372 3488 visionem

1763 3525 2092 3596 conspexit?
2121 3527 2187 3578 Et
2223 3525 2339 3580 hac
2365 3523 2592 3595 quidem
2625 3533 2681 3580 tu
2709 3525 2889 3591 dicis;
2925 3525 3134 3597 quibus
3157 3541 3260 3581 nos
3294 3524 3377 3581 sic

1764 3617 2184 3688 respondemus.
2212 3614 2370 3683 Quod
2398 3613 2542 3672 Deus
2559 3628 2783 3673 creator
2806 3617 2880 3674 sit
2907 3623 3162 3674 omnium
3179 3619 3375 3675 visibi-

1764 3710 1901 3766 lium
1929 3719 1986 3766 et
2005 3710 2399 3773 invisibiiium,
2426 3709 2726 3766 didicimus
2747 3710 2917 3766 etiam
2939 3727 3064 3779 nos,
3087 3707 3379 3783 cognosci-

1766 3817 1912 3868 mus,
1929 3801 2211 3858 credimus
2232 3799 2572 3866 etfatemur;
2602 3800 2736 3872 quid
2758 3817 2886 3858 vero
2915 3802 3062 3858 Deus
3079 3804 3171 3863 sit.
3193 3819 3378 3876 neque

1766 3893 1948 3952 e'docti
1973 3910 2189 3956 sumus,
2207 3907 2389 3963 neque
2421 3893 2802 3966 intelligimus,
2824 3896 2934 3950 imo
2955 3911 3022 3950 ne
3046 3896 3100 3951 in
3129 3896 3376 3953 animum

1768 3991 1992 4060 quidem
2015 3986 2210 4042 incidit
2234 3987 2401 4059 hujus
2422 3986 2726 4057 impietatis
2766 3978 3078 4057 inquisitio.
3109 3988 3380 4044 Similiter

1767 4078 2048 4136 Christum
2089 4086 2144 4136 et
2170 4075 2374 4131 Filium
2403 4083 2460 4130 et
2482 4074 2724 4130 Verbum
2758 4075 2854 4129 Dei
2881 4091 3038 4139 esse,
3084 4076 3374 4147 Deumque

1771 4176 1975 4246 ipsum,
2008 4172 2326 4234 didicimus,
2353 4170 2764 4240 cognoscimus,
2787 4170 3072 4226 credimus
3115 4177 3173 4224 et
3201 4170 3373 4226 conii-

1772 4272 1954 4319 temur
1979 4280 1992 4316 :
2022 4261 2200 4332 qualis
2225 4275 2356 4322 vero
2383 4259 2533 4337 illius
2563 4260 2636 4315 sit
2658 4262 2970 4330 generatio.
2995 4267 3110 4316 nos'
3128 4275 3232 4315 nec
3261 4260 3367 4315 sci-

1775 4369 1916 4416 mus.
1937 4367 2041 4408 nec
2059 4352 2241 4408 edocti
2271 4364 2485 4417 umus,
2501 4363 2679 4419 neque
2712 4347 2879 4404 ‘etiam
2903 4348 2957 4402 in
2976 4357 3245 4404 aeternum
3265 4349 3374 4403 hoc

1776 4446 2061 4516 inquirere
2094 4444 2375 4504 volumus.
2393 4458 2494 4497 ceu
2525 4439 2782 4511 impium,
2804 4447 2859 4494 et
2881 4454 2910 4494 a
2929 4438 3245 4495 Christiana
3266 4438 3374 4496 (ide

103 4511 267 4607 τάξειν
298 4511 575 4614 μέλλομεν
604 4511 742 4598 αὐτὸ
767 4539 970 4604 είςττδν
989 4511 1304 4605 ultimm-ib;
1335 4539 1529 4602 ἀσεδδς
1574 4511 1665 4593 καὶ

1778 4511 2110 4625 θεοεειίεἰοηιι
2126 4550 2290 4606 qnam
2307 4531 2970 4598 maximeaiicnumﬂuin
2987 4530 3376 4600 aequanimiter

106 4637 393 4708 ἀπόϐλητον
450 4635 559 4706 τῆς
597 4633 710 4689 τῶν
760 4631 1110 4704 Χριστιανῶν
1160 4629 1405 4695 πίστεὼς
1459 4649 1525 4685 τε
1574 4634 1673 4686 καὶ

108 4729 496 4792 καταστάσεως.
547 4725 694 4782 Ἀλλ’
727 4724 932 4797 ἐπίσης
985 4723 1297 4795 φρονοῦμεν
1350 4724 1672 4791 ἀγνοεῖσθαι

108 4823 188 4874 καὶ
209 4822 459 4892 ἀγγέλοις
500 4820 599 4874 καὶ
636 4818 950 4890 ἀνθρώποις
975 4817 1037 4872 τδ
1065 4816 1314 4871 τοιοῦτον
1333 4817 1476 4889 ὺπέρ
1508 4817 1675 4888 φύσιν

110 4911 410 4981 μυστήριον.
467 4906 753 4963 οὕτωίιαὶ
781 4908 882 4961 ἐπῖ
909 4907 1010 4977 τῆς
1047 4907 1529 4976 ἐνανθρωπὴσεως
1577 4909 1676 4977 αὒ-

106 4999 203 5064 τοῦ,
243 5000 326 5055 δτι
354 4999 575 5069 ἐγένετο
601 4999 911 5070 ἄνθρωπος,
976 4999 1072 5053 καὶ
1127 4998 1523 5069 ἐδιδάχθημεν,
1579 4998 1676 5052 καὶ

110 5088 428 5164 ἐγνώκαμεν,
463 5092 562 5145 καὶ
597 5090 948 5160 πιστεύομεν’
975 5091 1037 5144 τδ
1062 5090 1118 5143 δέ
1147 5090 1321 5154 ὅπως,
1377 5091 1441 5143 ού
1507 5089 1677 5158 γινώ-

110 5197 312 5254 σκομεν,
346 5183 467 5250 ἀλλ’
518 5182 710 5254 ῶσπερ
747 5181 1054 5251 ἀγνοοῦμεν
1098 5182 1198 5252 τὴν
1251 5184 1316 5234 ἐκ
1367 5181 1509 5236 Θεοῦ
1580 5183 1676 5235 καὶ

115 5270 304 5343 [ἰατρὸς
336 5272 508 5328 αὑτοῦ
536 5273 816 5344 γέννησιν,
845 5269 1018 5334 οὕτως
1067 5271 1378 5342 ἀγνοοῦμεν
1441 5273 1537 5326 καὶ
1575 5271 1677 5343 τὴν

112 5364 163 5415 ἐκ
187 5364 284 5435 τῆς
307 5365 476 5434 ἁγίας
512 5362 682 5418 αὐτοῦ
722 5364 929 5434 μητρὸς
957 5364 1178 5432 Μαρίας
1208 5363 1311 5432 τῆς
1368 5364 1674 5430 Παρθένου.

117 5453 286 5525 ἰ’μεῑς
301 5457 358 5512 δέ
378 5456 806 5526 οιγινὼεκοντες
829 5456 892 5508 τὸ
909 5456 1003 5509 τοῦ
1024 5455 1158 5508 Θεοῦ
1181 5456 1468 5522 ἀδύνατον,
1490 5459 1678 5525 λέγετε

114 5550 316 5616 1519,51:
334 5550 460 5613 Πῶς
485 5550 602 5603 ἐστι
619 5548 845 5602 δυνατὶν
880 5547 1025 5618 ἐχειν
1054 5548 1180 5600 nev
1221 5548 1313 5601 τδν
1334 5549 1469 5603 Θεόν
1494 5566 1510 5613 ς
1545 5551 1680 5603 πάν-

112 5651 199 5697 τως
245 5637 306 5701 ἐξ
341 5632 419 5692 ὧν
477 5638 707 5705 λέγετε,
749 5635 1039 5704 γινώσκειν
1074 5638 1300 5706 μέλλετε
1349 5641 1446 5692 καὶ
1489 5641 1548 5691 τὸ
1586 5640 1678 5693 τοῦ

112 5728 226 5781 θεοῦ
292 5729 544 5784 δυνατόν.
630 5729 741 5783 Καὶ
802 5729 1048 5794 διδάξατε
1145 5731 1304 5800 ὑμεῖς
1384 5734 1433 5783 ei
1511 5734 1680 5788 πολλά

117 5817 288 5888 εἰδότες
349 5821 504 5894 ἡμᾶς
554 5822 680 5886 τοῦς
742 5820 969 5891 ἀμαθεῖς
1042 5823 1132 5875 καὶ
1210 5824 1547 5894 ἀγροίκους,
1599 5827 1679 5890 τίς

1775 4621 2045 4684 sentimus
2074 4626 2212 4681 etab
2229 4624 2441 4696 angelis
2459 4633 2515 4680 et
2538 4624 2609 4678 sb
2641 4621 2963 4678 hominibus
2995 4621 3128 4675 illud
3150 4635 3371 4675 omnem

1776 4733 2032 4779 naturam
2064 4719 2341 4776 excedens
2359 4718 2685 4790 mysterium
2701 4711 3156 4787 ignorari.AIque
3175 4703 3371 4767 eadem

1779 4815 1944 4871 nobis
2002 4814 2070 4869 de
2124 4812 2513 4868 incarnatione
2560 4809 2712 4864 illius
2750 4808 2838 4862 est
2886 4807 3182 4863 sententia.
3214 4804 3372 4870 Quod

1776 4909 1926 4963 enim
1959 4907 2123 4960 homo
2147 4904 2324 4959 iactus
2346 4903 2438 4967 sit,
2467 4911 2526 4957 et
2546 4901 2731 4983 edocti
2760 4913 2975 4962 sumus,
3001 4907 3066 4953 et~
3087 4896 3378 4968 cognosci-

1780 5015 1904 5056 mus
1925 5007 1980 5054 et
2009 4996 2307 5053 credimus.
2332 4994 2626 5063 Quomodo
2660 5002 2846 5048 autem
2873 4991 3042 5047 homo
3078 4988 3258 5046 factus
3280 4992 3373 5057 sit,

1779 5093 2118 5164 ignoramus.
2144 5089 2253 5146 Sed
2286 5072 2757 5159 quemadmodum
2784 5086 3105 5157 ignoramus
3139 5083 3288 5139 illius
3307 5098 3374 5139 es

1779 5184 1893 5239 Deo
1922 5189 1977 5238 et
2012 5182 2177 5237 Patre
2214 5179 2652 5250 generationem,
2687 5176 2768 5231 sic
2815 5177 2983 5231 etiam
3015 5189 3139 5230 eam
3171 5189 3278 5243 qua
3306 5189 3375 5229 es

1779 5284 1958 5332 matre
2001 5290 2103 5330 sua
2145 5281 2332 5328 sancta
2365 5269 2535 5325 Maris
2575 5267 2789 5338 virgine
2825 5276 2993 5321 natus
3040 5275 3127 5320 est
3154 5304 3169 5328 ,
3209 5264 3376 5319 nobis

1780 5369 2184 5437 incompertam
2221 5378 2343 5420 esse
2367 5362 2628 5416 iatemnr.
2663 5359 2770 5415 Vos
2798 5372 2952 5418 vero.
2984 5356 3231 5428 quiquid
3264 5356 3378 5411 De‘o

1781 5457 2124 5528 impossibile
2150 5457 2241 5517 sit.
2281 5451 2589 5522 intelligitis
2630 5449 2838 5516 (dicitis
2882 5445 3056 5508 enim.
3089 5446 3379 5512 Quomodo

1782 5551 2049 5622 possibile
2085 5556 2170 5604 est
2198 5557 2256 5600 ut
2287 5547 2432 5600 Dens
2466 5543 2669 5598 habeat
2699 5540 2901 5597 Filium
2918 5541 2964 5608 τ)
3000 5539 3196 5594 eadem
3225 5549 3376 5595 certe

1785 5640 1997 5692 ratione
2027 5653 2134 5706 qua
2172 5636 2277 5690 hoc
2313 5633 2530 5694 dicitis,
2568 5631 2701 5701 quid
2747 5632 2914 5685 etiam
2967 5629 3078 5683 Deo
3110 5628 3376 5697 possibile

1783 5731 1852 5785 sit
1874 5728 2237 5798 iinteiligetis.
2259 5725 2368 5781 Vos
2396 5726 2565 5796 igitur
2597 5723 2896 5778 multarum
2926 5734 3114 5775 rerum
3141 5719 3375 5776 scientia

1786 5822 2021 5892 prmum,
2044 5821 2238 5876 docete
2264 5835 2366 5875 nos
2394 5819 2646 5876 indoctos
2667 5826 2723 5873 et
2753 5814 2946 5882 rudes,
2995 5826 3246 5886 quanam
3267 5810 3366 5872 Dei
