4116 6322
183 377 283 436 ιω

1146 382 1445 441 CONTRA
1495 379 1986 440 ΜΛΙΙΟΜΕΤΕΜ
2031 380 2410 440 APOLOGH
2462 381 2506 438 Ι.

3350 377 3455 440 410

183 497 268 548 iw
307 498 453 548 éat'v
485 499 513 550 6
545 497 721 564 ἓόγος,
774 496 847 559 ὡς
898 499 1055 567 δῆθεν
1096 501 1197 569 πρὸ
1228 501 1319 552 τοῦ
1361 503 1511 570 ήλίου
1546 500 1758 566 γεγονό-

1879 515 1996 555 esse
2025 500 2254 561 diceret.
2283 499 2436 568 quasi
2477 500 2553 552 illi
2597 507 2722 551 ante
2756 497 2924 552 solem
2961 504 3202 551 creatum
3248 497 3456 554 conditi

183 608 272 649 τας
298 592 425 651 τοὺς
453 591 742 656 ἀγγέλους,
776 588 948 653 εἶπεν,
989 611 1006 642 ε
1039 595 1101 645 ὲκ
1136 595 1374 662 γαστρὸς
1409 597 1512 663 πρὸ
1554 592 1762 658 ἑωσφό-

185 700 290 748 pou.
324 701 341 732 1
366 682 442 732 Τὸ
467 685 578 750 γὰρ
618 700 632 732 t
669 685 732 734 ἐκ
752 685 982 753 γαστρὸς
1020 704 1036 735 1
1073 687 1171 754 οὔχ
1212 687 1287 748 ὡς
1328 688 1572 755 γαστέρα
1611 687 1760 754 ἔχειν

183 778 262 826 τὸν
293 776 428 826 Θεὸν
453 774 611 827 τοῦτο
638 776 882 846 εἴρηκεν,
939 779 1052 830 ἀλλ’
1079 778 1153 840 ὡς
1187 781 1212 831 6
1263 781 1423 842 αὐτὸς
1492 780 1660 833 Δαὸὶδ
1704 783 1760 833 έν

184 867 343 932 ἑτέρῳ
371 865 548 932 λέγει,
577 868 660 919 ὅτι
692 887 709 919 ι
748 867 811 921 Al
869 871 1052 939 χεῖρές
1093 888 1190 922 σου
1234 873 1500 941 ἐποίησάν
1537 890 1604 941 με
1664 873 1760 926 καὶ

181 953 417 1005 ἔπλασαν
450 973 543 1022 με,
586 975 603 1007 1
636 956 732 1025 τὴν
771 958 1176 1028 δημιοαργικὴν
1201 961 1431 1027 δύναμιν
1465 964 1560 1014 τοῦ
1619 963 1758 1016 Θεοῦ

181 1048 206 1097 δ
241 1046 435 1098 ικνύων
457 1061 470 1074 ⁸
494 1049 606 1112 καὶ,
628 1067 649 1099 v
673 1049 969 1116 '0;0alp.ot
990 1052 1579 1120 Κυρίουὲπὶδικαίους,
1613 1072 1630 1105 1
1658 1055 1760 1123 τὴν

183 1140 542 1208 προνοητικὴν
569 1140 800 1208 δύναμιν
836 1140 928 1193 τοῦ
960 1141 1118 1206 Θεοῦ,
1170 1144 1263 1195 καὶ
1302 1143 1384 1195 ὅτι
1439 1144 1567 1209 ἄξια
1615 1145 1757 1214 ἔργα.

183 1229 515 1296 πράττουσιν
543 1232 591 1282 οἱ
634 1231 856 1295 δίκαιοι,
895 1233 1036 1285 ὥστε
1070 1235 1336 1288 εἰσελθεῖν
1397 1236 1628 1289 ἐνώπιον
1660 1234 1756 1287 τοῦ

183 1323 327 1374 Θεοῦ.
361 1323 521 1374 Οὕτω
556 1323 651 1374 καὶ
683 1326 823 1377 κατὰ
873 1327 931 1378 τὸ
974 1332 1151 1395 παρὸν
1197 1330 1253 1380 ἐν
1299 1328 1375 1397 τῷ
1407 1330 1605 1392 εἰπεῖν,
1640 1346 1658 1378 ε
1695 1329 1756 1379 ἐκ

182 1417 428 1483 γαστρὸς,
475 1436 493 1467 1
526 1417 692 1483 ἔδειξε
751 1419 847 1488 τὴν
912 1418 1084 1488 αὐτὴν
1144 1422 1234 1474 καὶ
1271 1420 1399 1491 μίαν
1433 1421 1623 1474 οὐσίαν
1662 1422 1757 1472 καὶ

179 1508 329 1572 φὰσιν
377 1508 507 1560 1⁵ἰοῦ
556 1527 612 1560 τε
668 1511 759 1561 καὶ
797 1511 1272 1580 Πατρό;.Ὢσπερ
1321 1515 1430 1581 γὰρ
1461 1512 1756 1581 ’τὰ-ἄψυχα

177 1601 360 1669 ὀξίδρα
403 1600 471 1652 τὰ
525 1601 667 1652 αὐτὰ
698 1603 787 1653 καὶ
815 1603 975 1669 ὅμοια
1027 1604 1210 1663 αὐτοῖς
1255 1573 1618 1670 γεννῶσινῗὴ
1646 1603 1755 1671 γὰρ

179 1695 308 1762 συκῆ
338 1693 516 1762 συκῆν
571 1697 759 1762 γεννᾷ,
803 1694 952 1761 καὶὴ
1005 1695 1163 1747 ἐλαία
1216 1696 1439 1746 ἐλαίανο
1491 1695 1754 1758 ὡσαύτως

177 1790 261 1838 καὶ
289 1789 354 1839 τὰ
388 1787 564 1852 ἄλογα.
600 1786 713 1849 ζῶα
745 1787 945 1856 ὁμοίως
982 1787 1038 1839 ἓν
1061 1788 1295 1840 ἕκαστον
1332 1787 1541 1841 τούτων
1565 1789 1754 1856 ὅμοιον

177 1873 313 1943 αὖτῷ
358 1877 455 1926 καὶ
482 1877 580 1942 τῆς
614 1874 784 1944 αὐτῆς
819 1875 1032 1942 φύσεως
1059 1877 1226 1947 γεννᾷ
1281 1879 1547 1946 γέννημα.
1590 1878 1753 1930 Ἀλλὰ

175 1965 406 2033 cinae-116
440 1966 750 2033 ἄνθρωπος,
787 1966 1006 2033 λογικὸς
1055 1966 1152 2031 ὣν,
1203 1968 1422 2036 λογικὸν
1466 1969 1757 2039 ἄνθρωπον

176 2056 354 2124 γεννᾷ,
392 2055 486 2106 καὶ
511 2054 702 2124 Θνητὸς
731 2054 828 2120 ὢν,
860 2054 1014 2119 αὖθις
1056 2056 1254 2123 θνητόν
1288 2074 1300 2088 ο
1330 2061 1423 2111 καὶ
1457 2060 1557 2128 τῆς
1586 2061 1756 2128 αὐτῆς

176 2147 358 2206 οὐσίας
377 2164 436 2199 τε
467 2146 562 2200 καὶ
590 2147 805 2214 φύσεώς
836 2149 983 2199 ἔστιν
1009 2152 1036 2200 6
1078 2150 1192 2211 υἱὸς
1227 2151 1304 2219 τῷ
1339 2152 1532 2222 πατρί.
1571 2152 1759 2219 Πολλῷ

180 2241 372 2318 μᾶλλον
404 2240 740 2310 λογιζόμεθα
771 2241 932 2294 τοῦτο
973 2243 1066 2295 καὶ
1100 2244 1455 2312 ἀσυγκρίτως
1511 2245 1604 2297 ἐπὶ
1657 2245 1754 2298 τοῦ

176 2313 330 2396 Θεξῦ,
360 2335 442 2385 ὅτι
469 2335 496 2386 6
538 2333 663 2396 Υἱὸς
697 2334 788 2386 καὶ
813 2335 985 2402 Λόγος
1014 2335 1182 2386 αὐτοῦ
1210 2338 1308 2404 τῆς
1341 2335 1512 2403 αὐτῆς
1539 2336 1758 2405 φύσεως

178 2426 265 2477 καὶ
295 2426 490 2488 οὐσίας
525 2427 641 2478 ἐστὶ
671 2425 764 2478 τοῦ
797 2426 1031 2495 Πατρὸς,
1084 2426 1265 2488 καθὼς
1300 2427 1396 2480 καὶ
1436 2428 1581 2483 ἔστι.
1645 2428 1759 2480 Καὶ

181 2516 367 2567 σκόπει
399 2516 694 2584 ἀκρίόειαν
720 2517 1093 2587 προφητειῶν.
1129 2518 1310 2570 Εἰπὼν
1337 2519 1449 2590 γὰρ
1488 2521 1514 2574 6
1547 2521 1759 2589 προφή-

178 2627 292 2676 της,
339 2625 355 2656 t
394 2603 564 2660 Εἴπεν
612 2609 640 2659 6
698 2606 924 2675 Κύριος,
971 2626 990 2659 1
1048 2608 1253 2672 ἔδειξεν
1311 2610 1392 2660 ὅτι
1452 2607 1542 2660 τὸν
1621 2606 1760 2658 Θεὸν

178 2705 341 2769 λέγει,
368 2703 439 2764 ὡς
468 2701 864 2754 ἀποδέδεικται.
898 2700 1084 2752 Εἰπὼν
1115 2701 1192 2762 δὲ,
1228 2718 1243 2748 ι
1271 2698 1345 2767 τῷ
1371 2697 1559 2766 Κυρίῳ
1581 2714 1706 2768 μου,
1733 2715 1751 2748 1

181 2796 286 2845 καὶ·
312 2794 398 2855 τὸ,
435 2812 452 2843 ε
495 2792 682 2846 Κάθου
723 2793 784 2842 ἐκ
822 2790 1014 2854 δεξιῶν
1075 2808 1201 2858 μου,
1240 2791 1344 2851 ἔως
1397 2789 1464 2841 ἂν
1497 2789 1572 2840 θῶ
1627 2787 1758 2848 τοὺς

179 2887 411 2954 ἐχθρούς
462 2902 554 2936 σου
589 2884 880 2936 ὑποπόδιον
915 2884 1023 2936 τῶν
1068 2881 1247 2934 ποδῶν
1280 2899 1372 2934 σου
1408 2897 1421 2910 ⁸
1467 2901 1484 2931 1
1524 2880 1621 2932 καὶ
1674 2879 1756 2943 τὸ,

185 2978 443 3032 «Ῥάὸδον
505 2976 789 3046 δυνάμεως
857 2975 1211 3040 ὲξαποστελεῖ
1281 2991 1361 3024 σοι
1418 2972 1626 3042 Κύριος
1691 2973 1758 3023 ὲκ

184 3068 338 3133 Σιὼν,
378 3088 394 3117 1
430 3068 525 3120 καὶ
554 3068 635 3132 τὸ,
668 3085 684 3116 1
729 3066 1114 3134 Καταχυρῖευε
1146 3066 1201 3115 ὲν
1230 3065 1381 3132 μέσῳ
1408 3054 1515 3114 τῶν
1547 3061 1760 3131 ἐχθρῶν

183 3177 271 3212 σου
301 3175 313 3187 ·
348 3179 363 3208 1
404 3157 578 3209 ταίτα
609 3156 786 3208 πάντα
827 3155 918 3207 τὸν
953 3155 1093 3222 ὑπὲρ
1125 3153 1288 3220 φύσιν
1330 3153 1618 3221 ἄνθρωπον
1656 3151 1752 3204 καὶ
1782 3173 1826 3230 c
1858 3176 2050 3216 eorum
2100 3169 2318 3213 ιυοτιιηι

182 3253 554 3318 ἀνὲκφραστον
615 3243 789 3299 εἶπεν.
851 3247 968 3299 Ἵνα
1026 3247 1080 3298 δὲ
1114 3245 1261 3316 δείξῃ
1299 3246 1381 3297 ὅτι
1439 3243 1604 3306 αὐτὸς
1637 3245 1756 3296 ἔστι

183 3345 271 3393 καὶ
306 3342 439 3402 Θεὸς
474 3341 567 3391 καὶ
618 3339 928 3407 ἄνθρωπος,
958 3337 1130 3405 λέγει,
1163 3358 1179 3388 ι
1215 3338 1369 3389 Μετὰ
1409 3337 1503 3388 σοῦ
1543 3336 1575 3404 ἠ
1609 3336 1755 3405 ἀρχὴ

184 3437 234 3486 ὲν
263 3433 558 3503 ἡμέρᾳτῆς
581 3433 863 3503 δυνάμεῴς
900 3447 1014 3493 σου,
1048 3431 1106 3482 ἔν
1125 3431 1242 3492 ταῖς
1269 3428 1622 3499 λαμπρότησι
1649 3429 1759 3503 τίῆν

183 3490 345 3592 ἀγίιζν
377 3490 493 3579 ξγᾷυ.
517 3490 688 3579 ’,ίτινα
720 3490 774 3576 ει
801 3490 972 3576 3.3....
1002 3490 1155 3593 δείξῃ
1184 3490 1275 3574 xui
1299 3490 1593 3593 φὲινέρώέῃ
1624 3490 1760 3574 οὺδν

183 3622 304 3670 ὄντα
339 3621 432 3671 καὶ
460 3619 684 3686 γνήσιον
713 3616 842 3669 Υιὸν
871 3615 1036 3668 αὑτοῦ
1073 3615 1137 3684 δὴ
1168 3616 1260 3667 τοῦ
1309 3615 1466 3680 Θεοῦ,
1504 3615 1596 3670 καὶ
1633 3614 1763 3683 μίαν

184 3711 365 3763 οἰσῖαν
400 3709 496 3762 καὶ
522 3711 685 3776 φύσιν
711 3708 901 3777 ἔχοντα
936 3709 1071 3777 μετὰ
1101 3705 1192 3758 τοῦ
1231 3706 1365 3760 Θεοῦ
1400 3709 1492 3759 καὶ
1526 3705 1760 3775 Πατρδς,

185 3802 300 3855 ε’πε
320 3803 400 3866 τὸ,
438 3822 456 3853 ι
511 3804 604 3855 Ἐκ
631 3801 862 3870 γαστρὸς
897 3801 1003 3870 πρὸ
1030 3801 1308 3870 ἑωσφόρον
1332 3799 1598 3868 ὲγέννησὰ
1628 3802 1758 3850 σεε»

196 3897 249 3945 ’0
266 3897 307 3947 δ’
333 3894 497 3956 αὐτὸς
529 3893 691 3946 πάλιν
705 3893 793 3944 καὶ
816 3893 1056 3962 ὲνέτέρῳ
1078 3893 1247 3958 λέγει,
1276 3913 1290 3942 ι
1321 3892 1426 3944 Καὶ
1449 3892 1535 3956 σὺ,
1565 3889 1762 3960 Κύριε,

187 3981 215 4053 ἦ
247 3986 400 4046 ἐλπίς
437 4002 563 4052 μου,
603 3983 693 4036 τὸν
724 3983 992 4052 ’Ὕψιστον
1052 3983 1177 4034 ἔθου
1212 3982 1546 4051 καταφυγήν
1577 3998 1695 4036 σου.
1739 3998 1757 4031 1

190 4075 448 4144 Πρόσεξον
475 4077 532 4128 τὸ
563 4074 874 4144 λεγόμενον.
943 4075 1030 4128 Ἐν
1059 4073 1137 4144 τῷ
1169 4077 1344 4127 εἰπεῖν
1390 4074 1480 4127 τὸν
1529 4073 1768 4144 Προφή-

189 4185 300 4235 την,
337 4187 354 4217 ι
395 4167 506 4218 Καὶ
570 4170 656 4232 σὺ,
696 4167 890 4235 Κύριε,
931 4166 1150 4238 ﬁnxi;
1211 4183 1335 4236 μου,
1380 4186 1396 4217 1
1435 4166 1602 4230 ἔδειξε
1670 4166 1764 4219 τὸν

192 4259 310 4309 Υἱὸν
341 4257 436 4310 τοῦ
465 4255 625 4330 Θεοῦ.
662 4275 680 4307 1
714 4257 804 4310 Ἐν
829 4257 885 4310 δὲ
921 4257 1017 4328 τῷ,
1049 4276 1067 4308 ι
1102 4257 1190 4309 τὸν
1225 4256 1514 4324 ’Υψιστον,
1543 4277 1559 4309 1
1596 4256 1766 4321 ἔδειξε

187 4351 269 4400 τδν
301 4350 496 4402 τούτου
553 4331 774 4419 [ια’τέρα
829 4349 984 4402 Θεόν.
1030 4350 1120 4402 Ἐν
1154 4349 1209 4401 δὲ
1243 4349 1321 4419 τῷ
1379 4352 1555 4402 εἰπεῖν
1599 4347 1760 4412 αὖθις

186 4448 258 4504 τι),
284 4463 300 4495 ι
323 4443 488 4494 Ἰἰθου
510 4442 850 4509 καταρυγὴν,
876 4459 891 4489 1
914 4440 1078 4504 ἔδειξε
1105 4442 1191 4492 τὸν
1209 4439 1268 4490 ὃν
1291 4440 1623 4493 ἀνελάδετοδ
1639 4440 1765 4502 Υἱὸς

1867 593 1996 656 sint,
2035 593 2231 662 inquit,
2270 611 2288 642 ε
2322 609 2388 646 ex
2421 601 2579 646 utero
2607 607 2840 645 θυι-θεῖε.
2881 609 2899 642 1
2945 589 3102 655 Quod
3127 591 3273 644 enim
3311 593 3474 646 utcri'

1869 688 2139 750 meminit,
2171 701 2276 738 non
2305 701 2370 739 eo
2405 700 2570 738 sensu
2608 682 2992 751 accipiendum
3025 691 3111 736 est
3145 683 3291 752 quod
3311 683 3453 737 Deus

1866 788 2082 832 uterum
2104 778 2321 840 habeat,
2342 776 2433 831 sed
2454 791 2519 830 eo
2539 791 2648 844 quo
2671 783 2724 829 et
2746 774 2912 828 David
2937 775 3066 828 alibi
3094 775 3260 827 dicit:
3297 795 3314 826 ι
3338 775 3450 828 Ma—

1866 888 1970 926 nus
1998 881 2102 925 tum
2136 874 2389 924 leccruut
2421 885 2507 923 me
2534 877 2590 922 et
2628 868 3008 922 formaverunt
3033 881 3119 920 me
3151 867 3229 931 ";
3271 885 3288 917 1
3322 881 3453 935 ope-

1864 965 2121 1018 ratricem
2155 962 2409 1016 videlicet
2447 961 2542 1014 Dei
2593 961 2892 1029 potentiam
2931 958 3253 1021 ostendens,
3315 968 3450 1021 etc.,

1868 1078 1885 1109 ε
1919 1056 2077 1112 Oculi
2108 1055 2196 1109 Dei
2233 1070 2399 1123 super
2427 1055 2607 1124 justos
2639 1053 2718 1116 “;
2762 1070 2780 1104 1
2814 1067 2923 1121 quo
2949 1051 3132 1106 omnia
3164 1050 3456 1120 providen-

1864 1159 1972 1203 tem
2019 1149 2112 1204 Dei
2163 1149 2420 1202 virtutem
2464 1131 2666 1211 innuit,
2711 1155 2767 1200 et
2805 1143 2951 1213 quod
2998 1144 3129 1214 justi
3169 1159 3337 1213 opera
3371 1143 3452 1198 fa-

1862 1245 2010 1297 ciant
2040 1242 2201 1312 digna
2237 1250 2294 1294 ut
2327 1254 2513 1295 coram
2571 1239 2684 1291 Deo
2727 1234 3131 1307 ingrediantur.
3167 1235 3258 1291 Sic
3285 1236 3450 1289 etiam

1863 1349 2106 1406 praesens
2160 1334 2313 1388 locus
2372 1330 2766 1400 intelligendus
2833 1336 2937 1384 est.
2994 1327 3243 1400 Dicendo
3281 1326 3452 1388 enim,

1869 1451 1884 1477 .-
1933 1443 1997 1482 ex
2051 1437 2229 1489 utero,
2272 1445 2289 1477 1
2324 1424 2567 1480 ostendit
2597 1439 2763 1478 unam
2797 1431 2851 1477 ct
2889 1421 3142 1477 eamdem
3178 1421 3301 1474 Filii
3328 1436 3451 1474 cum

1861 1521 2021 1575 Patre
2047 1518 2409 1573 substantiam
2432 1525 2487 1571 ct
2508 1524 2785 1570 naturam.
2805 1513 3277 1580 Quemadmodum
3308 1514 3454 1566 cnim

1862 1613 2175 1666 inanimata:
2201 1608 2428 1663 arbores
2450 1607 2655 1661 eaedem
2687 1615 2740 1660 et
2767 1604 2974 1660 similes
3004 1603 3106 1657 sibi
3134 1604 3266 1672 ipsis
3295 1620 3459 1674 gene-

1862 1711 2087 1756 rantur:
2122 1702 2255 1755 ticus
2288 1701 2437 1755 enim
2480 1698 2644 1752 ticum
2682 1707 2738 1753 et
2770 1697 2890 1751 olea
2931 1697 3106 1750 oleam
3133 1697 3348 1766 gignit:
3385 1696 3460 1752 sio

1861 1795 2066 1848 militcr
2096 1801 2148 1847 et
2181 1793 2342 1847 bruta
2368 1791 2624 1846 animalia
2661 1790 2873 1860 singula
2903 1792 3056 1858 juxta
3096 1803 3269 1857 genus
3295 1805 3453 1842 suum

1867 1893 2073 1938 naturae
2111 1899 2222 1937 suze
2268 1883 2472 1936 similia
2528 1889 2814 1952 generant,
2865 1888 2920 1934 et
2967 1879 3133 1933 homo
3177 1879 3459 1933 rationalis

1863 1990 1986 2030 cum
2034 1976 2126 2040 sit,
2182 1974 2506 2029 rationalem
2547 1974 2722 2044 gignit
2761 1972 3064 2035 hominem,
3113 1980 3167 2025 et
3211 1973 3460 2026 mortalis

1863 2067 2177 2127 mortalem,
2213 2075 2269 2119 et
2299 2065 2444 2118 lilius
2474 2062 2724 2132 ejusdem
2764 2077 2891 2116 cum
2927 2071 3082 2131 patre
3120 2070 3203 2115 est
3251 2072 3460 2115 natura:

1860 2168 1916 2212 et
1950 2156 2294 2212 substantia.
2337 2155 2508 2208 Multo
2539 2152 2711 2223 magis
2736 2153 2906 2223 igitur
2936 2151 3052 2205 hac
3083 2160 3137 2205 ct
3160 2151 3278 2205 sine
3310 2150 3459 2204 omni

1861 2247 2207 2302 dubitatione
2236 2245 2304 2299 de
2335 2245 2448 2299 Deo
2485 2245 2814 2308 sentiemus,
2847 2243 2993 2313 quod
3041 2243 3213 2298 Filius
3243 2253 3295 2296 et
3327 2241 3462 2296 Ver—

1861 2339 1987 2393 bum
2019 2337 2191 2407 ipsius
2221 2336 2468 2405 ejusdem
2505 2351 2632 2389 cum
2683 2336 2842 2390 Patre
2877 2336 2949 2390 sit
2995 2343 3208 2388 natura:
3245 2345 3300 2389 et
3335 2337 3463 2389 sul:-

1862 2435 2102 2498 stautite,
2150 2428 2618 2501 quemadmodum
2679 2444 2869 2484 revera
2919 2439 3022 2485 est.
3083 2428 3191 2483 Sed
3249 2430 3460 2499 respice

1863 2523 2284 2594 prophetiarum
2366 2521 2733 2592 diligentiam.
2799 2521 3077 2590 Propheta
3161 2521 3309 2574 enim
3381 2521 3462 2573 iu-

1862 2617 2081 2686 quicus,
2151 2636 2167 2666 ι
2206 2616 2353 2669 Dixit
2380 2615 2667 2679 Dominus,
2703 2632 2726 2664 1
2760 2613 3005 2667 ostendit
3032 2628 3090 2667 se
3128 2613 3196 2666 de
3230 2613 3340 2668 Deo
3379 2614 3461 2667 di-

1861 2721 2011 2766 cere,
2039 2714 2097 2759 ut
2122 2705 2233 2775 jam
2257 2711 2385 2758 ante
2403 2703 2843 2757 demonstratum
2868 2711 2975 2755 est.
3009 2701 3232 2756 Addens
3253 2712 3460 2760 autem.

1869 2810 1886 2843 ι
1930 2790 2160 2844 Domino
2213 2804 2358 2848 meo.
2398 2807 2414 2838 1
2461 2801 2518 2842 et
2578 2805 2595 2837 ι
2642 2787 2785 2841 Sede
2837 2802 2866 2840 a
2912 2785 3123 2840 dextris
3177 2787 3337 2851 meis,
3368 2788 3463 2840 tiu-

1862 2898 1965 2937 nec
1996 2897 2194 2952 ponam
2233 2881 2503 2950 inimicos
2553 2887 2679 2934 tuos
2731 2879 3030 2934 scabeltum
3076 2878 3279 2948 pedum
3346 2887 3464 2932 tui-,-

1865 2991 2018 3039 rum,
2072 2985 2211 3039 ete.;
2270 2993 2286 3025 1
2344 2991 2361 3023 ι
2416 2970 2637 3042 Virgam
2691 2971 2956 3042 potentiae
2999 2971 3216 3025 emittet
3255 2969 3353 3025 tibi
3401 2987 3464 3023 ex

1864 3068 1993 3123 Sion
2047 3067 2363 3129 Dominus;
2416 3075 2506 3130 et,
2545 3083 2564 3116 ι
2611 3066 2906 3119 Dominare
2949 3067 3003 3119 in
3041 3063 3225 3118 medio
3285 3062 3456 3117 inimi.

2366 3176 2379 3211 :
2429 3175 2448 3210 1
2514 3157 2631 3213 ha‘c
2663 3159 2847 3212 omnia
2891 3153 3148 3226 inquam,
3188 3155 3463 3210 hominem

1864 3253 2007 3307 omni
2047 3263 2241 3306 natura
2291 3251 2731 3320 praestantiorem
2771 3260 2829 3304 et
2858 3247 3281 3303 incnarrabilem
3323 3247 3454 3301 desi-

1861 3357 2049 3417 gnant.
2091 3345 2160 3400 Ut
2188 3360 2321 3399 vero
2364 3343 2620 3398 ostendat
2666 3341 2924 3397 eumdem
2955 3351 3010 3395 ct
3051 3340 3222 3395 Deum
3260 3353 3380 3394 csse
3411 3347 3466 3389 et

1865 3439 2170 3502 hominem,
2207 3437 2366 3502 dicit,
2417 3455 2435 3488 ι
2491 3437 2668 3491 Penes
2701 3445 2752 3490 te
2782 3445 2865 3490 est
2908 3434 3249 3505 principatus
3283 3433 3338 3486 in
3379 3431 3468 3485 die

1865 3529 2125 3598 potentiae
2165 3536 2313 3591 tuae,
2353 3527 2408 3581 in
2455 3525 2750 3596 splendore
2796 3534 3113 3579 sanctorum
3160 3532 3400 3577 tuorum.
3443 3540 3462 3572 1

1867 3620 2140 3675 Praeterea
2187 3630 2247 3674 ut
2293 3632 2514 3673 rursum
2549 3617 2786 3681 evincat,
2819 3615 2965 3686 quod
3009 3615 3154 3668 Deus
3203 3630 3328 3670 cum
3373 3615 3464 3675 sit.

1869 3711 2135 3765 naturalis
2157 3712 2327 3766 etiam
2358 3719 2412 3763 ct
2446 3723 2616 3763 verus
2643 3708 2716 3764 sit
2745 3708 2839 3762 Dci
2881 3707 3076 3769 Filius,
3113 3717 3169 3761 et
3215 3706 3468 3776 ejusdem

1868 3821 1994 3861 cum
2035 3805 2145 3859 Deo
2173 3805 2334 3859 Patre
2371 3813 2582 3857 natum
2619 3811 2675 3856 et
2710 3801 3056 3863 substantia},
3100 3799 3206 3855 hoc
3241 3799 3470 3869 subjun-

1868 3898 1966 3969 git,
2014 3915 2032 3950 ι
2071 3899 2147 3952 Ex
2177 3908 2336 3952 utero
2365 3910 2578 3950 aurone
2603 3895 2767 3964 genui
2802 3903 2874 3949 te.
2905 3912 2923 3944 1
2964 3893 3170 3948 Verum
3208 3893 3298 3946 hic
3323 3892 3468 3946 idem

1869 3992 1922 4044 iu
1953 3991 2061 4044 alio
2091 3990 2210 4044 loco
2234 3987 2388 4053 dicit,
2417 4007 2435 4038 ε
2463 3987 2530 4042 Et
2554 3989 2636 4052 tu,
2657 3986 2916 4050 Domine,
2938 3998 3066 4055 spes
3091 4000 3233 4049 mea,
3254 3984 3471 4039 Altissi-

1871 4098 2020 4136 mmn
2047 4079 2284 4152 posuisti
2319 4079 2619 4150 suffugium
2653 4087 2807 4135 tuum
2831 4079 2900 4131 ³⁸.
2939 4096 2958 4130 1
2995 4077 3230 4132 Attende
3257 4091 3467 4147 qua-so,

1869 4173 2004 4243 quid
2050 4172 2288 4226 dicatur.
2333 4170 2412 4225 Eo
2462 4169 2612 4225 enim
2643 4170 2792 4240 quod
2834 4168 3107 4239 Propheta
3145 4167 3300 4231 dicit,
3343 4186 3362 4218 ε
3403 4167 3470 4222 Et

1872 4275 1950 4328 tu,
1989 4264 2240 4329 Domine,
2272 4277 2398 4332 spes
2429 4276 2571 4326 mea,
2611 4279 2631 4312 1
2658 4262 2858 4316 Filium
2892 4259 2984 4315 Dei
3004 4259 3210 4316 innuit.
3243 4260 3346 4314 Per
3372 4258 3469 4312 ΔΙ-

1872 4356 2146 4409 tissimum
2228 4370 2361 4410 vero
2422 4352 2673 4423 ejusdem
2733 4353 2949 4408 Patrem
3009 4351 3182 4407 Deum
3236 4350 3465 4405 indicat.

1873 4446 2112 4501 Rursum
2169 4461 2300 4500 vero
2361 4445 2449 4499 his
2496 4445 2712 4511 verbis,
2770 4462 2789 4496 ι
2854 4443 3093 4498 Posuisti
3167 4443 3466 4515 suﬂ’ugium

186 4536 269 4586 τοῦ
303 4536 437 4588 Θεοῦ
475 4535 785 4604 ἄνθρωπον,
824 4534 912 4585 τὸν
936 4535 1128 4602 ἔχοντα
1171 4533 1363 4602 χρείαν
1406 4534 1754 4599 καταφυγῆς.

1869 4550 2046 4603 tuum,
2063 4556 2081 4588 1
2097 4537 2323 4592 denotat
2343 4536 2645 4599 hominem,
2665 4551 2828 4605 quem
2849 4536 3020 4590 Filius
3035 4537 3126 4590 Dei
3147 4511 3467 4604 assumpsit,

197 4628 249 4679 ὐ
307 4628 414 4696 γὰρ
449 4626 578 4689 Υἱὸς
626 4625 719 4678 τοῦ
777 4623 913 4676 Θεοῦ
943 4624 1132 4694 χρείαν
1161 4625 1489 4691 καταρυγῆς
1535 4623 1634 4674 οὐκ
1681 4618 1762 4673 εἷ-

186 4737 291 4787 χ;ν.

253 4811 306 4864 ι’.
351 4809 513 4862 una
547 4808 637 4860 καὶ
662 4811 687 4859 6
711 4807 905 4859 τούτου
939 4809 1069 4869 παῖς
1091 4810 1118 4859 6
1150 4807 1458 4878 θαυμάσιος
1504 4806 1762 4875 Σοὶομὼν

181 4904 369 4955 οὑῑωσί
402 4915 564 4971 φησι·
599 4920 618 4948 ι
653 4901 759 4954 Καὶ
787 4900 901 4962 νῦν,
937 4899 1107 4970 Κύριε
1141 4901 1166 4951 6
1203 4900 1334 4962 Θεὸς
1383 4901 1474 4953 τοῦ
1518 4899 1758 4970 Ἰσραὴλ,

185 4995 506 5064 πιστωθήτω
538 4993 601 5064 δὴ
640 4992 699 5044 τὸ
747 4991 901 5061 ῥῆμα
934 5009 1046 5054 σου,
1073 5061 1086 5064 _
1108 4991 1135 5042 6
1171 4990 1442 5060 ἂλὰλησας
1476 4991 1552 5062 τῷ
1607 4991 1760 5044 παιδί

185 5104 269 5138 σου
305 5061 468 5138 Δαὸῖιδ
499 5061 785 5153 τῷτπατρί
828 5102 950 5153 μου,
984 5061 1143 5136 ὃτι”ει
1172 5084 1390 5152 άληθῶς
1435 5061 1757 5153 κατοικήσει

184 5181 304 5243 Θεὸς
334 5181 476 5250 μετὰ
527 5176 832 5245 ἀνθρώπων
862 5179 953 5228 ἐπὶ
992 5178 1087 5245 τῆς
1146 5177 1266 5244 γῆς
1315 5195 1330 5226 1
1369 5178 1481 5229 Καὶ
1508 5175 1700 5246 ὥσπερ
1731 5179 1759 5230 6

195 5274 462 5345 Ἱερεμίας
522 5268 832 5335 εἷπεν,”ὃτι
870 5288 888 5321 ε
925 5265 1096 5331 Οὗτος
1157 5272 1184 5322 6
1253 5269 1386 5332 Θεὸς
1451 5269 1626 5342 ἡμῶν,
1693 5271 1756 5321 οὐ

185 5366 562 5437 λαληθήσεται
585 5364 772 5433 ἔτερος
805 5363 941 5432 πρὸς
986 5362 1170 5428 αὖτδνι
1232 5355 1350 5413 εἶτα
1403 5361 1496 5413 ἐπὶ
1524 5361 1619 5431 τῆς
1652 5360 1755 5429 γῆς

184 5459 356 5529 ἅφθη,
401 5459 497 5510 καὶ
548 5457 662 5518 τοῖς
726 5455 1043 5532 ἀνθρώποις
1101 5454 1519 5523 συνανεστράφη
1548 5469 1562 5484 ’
1610 5452 1758 5506 οὕτω

186 5552 271 5604 καὶ
318 5556 346 5605 6
387 5553 549 5618 σοφὸς
588 5548 839 5618 Σολομὼν
897 5549 1063 5615 λέγει,
1124 5547 1226 5606 ὅτι.
1257 5567 1275 5598 ι
1315 5548 1486 5614 Κύριε
1547 5549 1574 5600 6
1622 5548 1756 5610 Θεὸς

195 5645 423 5716 Ἰσραὴλ,
459 5643 794 5710 πιστωθήτω
851 5643 915 5709 δὴ
961 5638 1027 5693 τὸ
1079 5641 1231 5710 ρἦέι
1264 5657 1383 5704 σου,
1418 5641 1446 5692 6
1483 5639 1756 5708 ἐλάλησας

185 5739 252 5807 τῷ
281 5737 427 5790 παιδί
452 5753 543 5789 σου
568 5734 750 5791 Δασξδ.
777 5752 793 5784 1
827 5734 889 5786 Τί
911 5733 1158 5801 βούλεται
1184 5732 1240 5784 τὸ
1268 5751 1285 5782 ι
1325 5733 1658 5800 Πιστωθήτω
1686 5750 1697 5794 ς
1728 5751 1744 5780 1

246 5857 285 5888 “
321 5858 460 5913 Psal.
486 5871 670 5920 cxiu,
697 5856 779 5910 73.
884 5855 928 5887 ’³
962 5856 1099 5909 Psal.
1131 5873 1316 5920 sum,
1353 5857 1431 5912 l6.

1527 5861 1568 5890 "
1594 5857 1733 5914 Psal.
1773 5878 1851 5925 xc,

1865 4631 1954 4687 cui
1981 4646 2122 4699 opus
2167 4638 2288 4684 erat
2330 4628 2592 4697 sutl'ugio.
2634 4628 2811 4682 Purus
2846 4629 2995 4682 enim
3035 4612 3125 4682 ille
3157 4628 3252 4682 Dei
3295 4628 3469 4684 Filius

1867 4723 2105 4792 suﬂugio
2134 4723 2217 4776 vel
2247 4720 2396 4789 ason
2431 4736 2538 4773 non
2574 4719 2877 4786 indigebat.

1939 4814 2027 4868 10.
2062 4814 2204 4879 Quin
2234 4822 2288 4866 ct
2324 4813 2488 4883 hujus
2517 4812 2664 4866 filius
2693 4812 2844 4865 omni
2867 4812 3234 4867 admiratione
3268 4813 3469 4883 dignus
3534 4799 3543 4807 ’

1862 4903 2105 4966 Solonio,
2145 4901 2225 4957 sic
2264 4902 2432 4955 dicit:
2467 4919 2486 4952 ι
2518 4900 2766 4968 Etnunc,
2790 4917 2822 4954 ο
2843 4902 3072 4956 Domine
3097 4889 3238 4958 Debs
3267 4903 3461 4966 Israel,

1865 5005 2047 5050 ratum
2099 4999 2194 5048 liat
2249 4993 2479 5048 verbum
2549 5003 2727 5058 tuum,
2760 4997 2907 5063 quod
2953 4994 3172 5049 locutus
3215 5011 3275 5048 es
3306 5011 3466 5049 servo

1863 5096 1960 5140 tuo
1999 5086 2189 5147 David,
2224 5085 2366 5154 patri
2410 5099 2558 5144 meo.
2608 5084 2875 5153 quoniam
2908 5101 3040 5138 num
3078 5101 3204 5140 vere
3255 5086 3467 5139 habita-

1865 5180 1944 5233 bit
1977 5181 2119 5232 Deus
2155 5193 2279 5232 cum
2314 5176 2637 5230 hominibus
2666 5192 2837 5245 super
2883 5186 3087 5231 terram
3115 5177 3198 5229 '1?
3228 5194 3246 5228 1
3283 5177 3368 5240 Et,
3405 5185 3465 5230 ut

1863 5271 2129 5326 Jercmias
2146 5271 2278 5328 dicit
2310 5285 2324 5322 :
2359 5288 2376 5320 ε
2412 5268 2682 5335 Quoniam
2717 5269 2807 5324 hic
2832 5281 2918 5326 est
2947 5269 3092 5326 Deus
3117 5281 3326 5337 noster,
3352 5287 3463 5325 non

1866 5361 2212 5430 reputabitur
2251 5359 2392 5412 alius
2441 5373 2624 5416 coram
2644 5375 2731 5414 eo.
2777 5361 3046 5426 Quoniam
3070 5375 3238 5430 super
3263 5371 3462 5414 terram

1868 5455 2017 5508 visus
2055 5462 2162 5513 est,
2207 5461 2262 5506 ct
2293 5465 2417 5505 cum
2453 5451 2768 5506 hominibus
2820 5461 3179 5506 conversatus
3226 5462 3318 5507 est
3343 5452 3412 5504 ’⁸.
3439 5469 3459 5501 1

1868 5547 1959 5603 Sic
1996 5556 2052 5601 et
2082 5545 2301 5614 sapiens
2334 5544 2426 5598 ille
2458 5521 2719 5599 Sblomon
2769 5544 2909 5600 dicit
2942 5563 2958 5603 :
3009 5564 3028 5597 ι
3060 5544 3290 5600 Domine
3324 5543 3464 5598 Deus

1864 5639 2056 5702 Israel,
2083 5648 2264 5692 ratutn
2314 5637 2406 5690 ﬁat
2439 5639 2668 5690 verbum
2709 5648 2888 5699 tuum,
2938 5637 3085 5706 quod
3141 5637 3358 5691 locutus
3401 5652 3464 5689 es

1865 5748 2026 5786 servo
2099 5742 2192 5784 tuo
2249 5730 2438 5784 David.
2479 5748 2497 5780 1
2537 5731 2678 5796 Quid
2734 5731 2882 5785 cnim
2946 5731 3092 5784 aliud
3161 5731 3455 5800 signiﬁcat,

1885 5863 1935 5914 θ.
2018 5860 2058 5890 ’⁷
2097 5859 2312 5930 ΙΙΙιὶεε.
2350 5857 2574 5926 ν.ιι,Ξ³.6,
2603 5855 2690 5908 ‘27.
2774 5856 2817 5885 "‘
2843 5855 3075 5910 Baruch.
3112 5851 3315 5918 “1,56,
3342 5849 3441 5903 38.
