  <div class='ocr_page' id='page_1' title='image "/cluster/home/n/w/nwhite01/storage/ocr_20150623/154/pst.000005714742/260.png"; bbox 0 0 4116 6322; ppageno 0'>
   <div class='ocr_carea' id='block_1_1' title="bbox 186 301 281 368">
    <p class='ocr_par' dir='ltr' id='par_1_1' title="bbox 186 301 281 368">
     <span class='ocr_line' id='line_1_1' title="bbox 186 301 281 368; baseline -0.021 0"><span class='ocrx_word' id='word_1_1' title='bbox 186 301 281 368; x_wconf 72' lang='grc' dir='ltr'><strong>4Ξί</strong></span> 
     </span>
    </p>
   </div>
   <div class='ocr_carea' id='block_1_2' title="bbox 1142 247 2516 378">
    <p class='ocr_par' dir='ltr' id='par_1_2' title="bbox 1142 247 2516 378">
     <span class='ocr_line' id='line_1_2' title="bbox 1142 247 2516 378; baseline -0.012 -26"><span class='ocrx_word' id='word_1_2' title='bbox 1142 287 1444 352; x_wconf 82' lang='lat' dir='ltr'><strong>CONTRA</strong></span> <span class='ocrx_word' id='word_1_3' title='bbox 1489 277 1986 378; x_wconf 80' lang='grc' dir='ltr'><strong>ΜΛΠΟΜΕΤΕΜ</strong></span> <span class='ocrx_word' id='word_1_4' title='bbox 2028 247 2420 340; x_wconf 76' lang='lat' dir='ltr'><strong>.iPOLOGIA</strong></span> <span class='ocrx_word' id='word_1_5' title='bbox 2465 273 2516 336; x_wconf 80' lang='grc' dir='ltr'><strong>ι.</strong></span> 
     </span>
    </p>
   </div>
   <div class='ocr_carea' id='block_1_3' title="bbox 3361 260 3471 335">
    <p class='ocr_par' dir='ltr' id='par_1_3' title="bbox 3361 260 3471 335">
     <span class='ocr_line' id='line_1_3' title="bbox 3361 260 3471 335; baseline -0.027 -1"><span class='ocrx_word' id='word_1_6' title='bbox 3361 260 3471 335; x_wconf 67' lang='lat'><strong>422</strong></span> 
     </span>
    </p>
   </div>
   <div class='ocr_carea' id='block_1_4' title="bbox 185 390 1786 490">
    <p class='ocr_par' dir='ltr' id='par_1_4' title="bbox 185 399 1768 490">
     <span class='ocr_line' id='line_1_4' title="bbox 185 399 1768 490; baseline -0.014 -17"><span class='ocrx_word' id='word_1_7' title='bbox 185 435 336 490; x_wconf 85' lang='grc' dir='ltr'><strong>τερον</strong></span> <span class='ocrx_word' id='word_1_8' title='bbox 392 415 788 486; x_wconf 76' lang='grc' dir='ltr'><strong>προσεκύνουν,</strong></span> <span class='ocrx_word' id='word_1_9' title='bbox 845 409 1073 478; x_wconf 79' lang='grc' dir='ltr'><strong>ὕστερον</strong></span> <span class='ocrx_word' id='word_1_10' title='bbox 1125 406 1475 460; x_wconf 79' lang='grc' dir='ltr'><strong>ἀπέκτεινον.</strong></span> <span class='ocrx_word' id='word_1_11' title='bbox 1532 401 1645 455; x_wconf 71' lang='grc' dir='ltr'><strong>Καὶ</strong></span> <span class='ocrx_word' id='word_1_12' title='bbox 1684 399 1768 462; x_wconf 89' lang='grc' dir='ltr'><strong>τίς</strong></span> 
     </span>
    </p>
   </div>
   <div class='ocr_carea' id='block_1_5' title="bbox 1890 390 3479 490">
    <p class='ocr_par' dir='ltr' id='par_1_5' title="bbox 1890 390 3479 453">
     <span class='ocr_line' id='line_1_5' title="bbox 1890 390 3479 453; baseline -0.003 -2"><span class='ocrx_word' id='word_1_13' title='bbox 1890 410 1977 451; x_wconf 69' lang='grc' dir='ltr'><strong>ωε</strong></span> <span class='ocrx_word' id='word_1_14' title='bbox 2052 395 2321 453; x_wconf 85' lang='lat' dir='ltr'><strong>adversus</strong></span> <span class='ocrx_word' id='word_1_15' title='bbox 2402 397 2644 452; x_wconf 88' lang='lat' dir='ltr'><strong>animam</strong></span> <span class='ocrx_word' id='word_1_16' title='bbox 2710 396 2858 451; x_wconf 85' lang='lat' dir='ltr'><strong>illius</strong></span> <span class='ocrx_word' id='word_1_17' title='bbox 2929 390 3334 448; x_wconf 76' lang='lat' dir='ltr'><strong>insttrrcxerit?</strong></span> <span class='ocrx_word' id='word_1_18' title='bbox 3407 390 3479 447; x_wconf 75' lang='lat' dir='ltr'><strong>Et</strong></span> 
     </span>
    </p>
   </div>
   <div class='ocr_carea' id='block_1_6' title="bbox 183 488 3474 586">
    <p class='ocr_par' dir='ltr' id='par_1_6' title="bbox 183 488 3474 586">
     <span class='ocr_line' id='line_1_6' title="bbox 183 488 3474 586; baseline -0.003 -38"><span class='ocrx_word' id='word_1_19' title='bbox 183 488 338 581; x_wconf 53' lang='grc' dir='ltr'><strong>χρεία</strong></span> <span class='ocrx_word' id='word_1_20' title='bbox 375 509 560 570; x_wconf 80' lang='grc' dir='ltr'><strong>λέγειν</strong></span> <span class='ocrx_word' id='word_1_21' title='bbox 593 504 723 574; x_wconf 69' lang='grc' dir='ltr'><strong>περὶ</strong></span> <span class='ocrx_word' id='word_1_22' title='bbox 744 501 1001 570; x_wconf 73' lang='grc' dir='ltr'><strong>ἀγγέλων</strong></span> <span class='ocrx_word' id='word_1_23' title='bbox 1026 495 1262 571; x_wconf 82' lang='grc' dir='ltr'><strong>οὐρανοῦ</strong></span> <span class='ocrx_word' id='word_1_24' title='bbox 1301 511 1360 546; x_wconf 86' lang='grc' dir='ltr'><strong>τε</strong></span> <span class='ocrx_word' id='word_1_25' title='bbox 1393 493 1488 545; x_wconf 75' lang='grc' dir='ltr'><strong>καὶ</strong></span> <span class='ocrx_word' id='word_1_26' title='bbox 1527 491 1632 562; x_wconf 86' lang='grc' dir='ltr'><strong>γῆς</strong></span> <span class='ocrx_word' id='word_1_27' title='bbox 1667 488 1765 543; x_wconf 75' lang='grc' dir='ltr'><strong>καὶ</strong></span> <span class='ocrx_word' id='word_1_28' title='bbox 1827 518 1834 528; x_wconf 67' lang='grc' dir='ltr'><strong>-ι</strong></span> <span class='ocrx_word' id='word_1_29' title='bbox 1879 488 2347 586; x_wconf 68' lang='lat' dir='ltr'><strong>quemadmodum</strong></span> <span class='ocrx_word' id='word_1_30' title='bbox 2392 488 2504 542; x_wconf 94' lang='lat' dir='ltr'><strong>duo</strong></span> <span class='ocrx_word' id='word_1_31' title='bbox 2554 488 2917 586; x_wconf 81' lang='lat' dir='ltr'><strong>inl&#39;ettsissimi</strong></span> <span class='ocrx_word' id='word_1_32' title='bbox 2943 488 3131 540; x_wconf 90' lang='lat' dir='ltr'><strong>hostes</strong></span> <span class='ocrx_word' id='word_1_33' title='bbox 3167 499 3275 586; x_wconf 62' lang='lat' dir='ltr'><strong>una</strong></span> <span class='ocrx_word' id='word_1_34' title='bbox 3311 488 3474 584; x_wconf 64' lang='lat' dir='ltr'><strong>domo</strong></span> 
     </span>
    </p>
   </div>
   <div class='ocr_carea' id='block_1_7' title="bbox 1831 573 3476 648">
    <p class='ocr_par' dir='ltr' id='par_1_7' title="bbox 1831 573 3476 648">
     <span class='ocr_line' id='line_1_7' title="bbox 1831 573 3476 648; baseline -0.002 -18"><span class='ocrx_word' id='word_1_35' title='bbox 1831 628 1836 630; x_wconf 78' lang='lat'><strong>.</strong></span> <span class='ocrx_word' id='word_1_36' title='bbox 1875 578 2158 648; x_wconf 84' lang='lat' dir='ltr'><strong>conjuncti</strong></span> <span class='ocrx_word' id='word_1_37' title='bbox 2216 593 2430 648; x_wconf 85' lang='lat' dir='ltr'><strong>pugnas</strong></span> <span class='ocrx_word' id='word_1_38' title='bbox 2476 585 2703 633; x_wconf 89' lang='lat' dir='ltr'><strong>movent</strong></span> <span class='ocrx_word' id='word_1_39' title='bbox 2751 573 2995 640; x_wconf 78' lang='lat' dir='ltr'><strong>mutuas,</strong></span> <span class='ocrx_word' id='word_1_40' title='bbox 3045 590 3076 629; x_wconf 90' lang='lat' dir='ltr'><strong>e</strong></span> <span class='ocrx_word' id='word_1_41' title='bbox 3125 573 3332 645; x_wconf 80' lang='lat' dir='ltr'><strong>quibus</strong></span> <span class='ocrx_word' id='word_1_42' title='bbox 3380 574 3476 642; x_wconf 81' lang='lat' dir='ltr'><strong>qui</strong></span> 
     </span>
    </p>
   </div>
   <div class='ocr_carea' id='block_1_8' title="bbox 182 583 1767 668">
    <p class='ocr_par' dir='ltr' id='par_1_8' title="bbox 182 583 1767 668">
     <span class='ocr_line' id='line_1_8' title="bbox 182 583 1767 668; baseline -0.014 -12"><span class='ocrx_word' id='word_1_43' title='bbox 182 604 330 666; x_wconf 80' lang='grc' dir='ltr'><strong>ζώων</strong></span> <span class='ocrx_word' id='word_1_44' title='bbox 382 601 479 654; x_wconf 85' lang='grc' dir='ltr'><strong>καὶ</strong></span> <span class='ocrx_word' id='word_1_45' title='bbox 519 599 766 668; x_wconf 75' lang='grc' dir='ltr'><strong>θηρίωνς</strong></span> <span class='ocrx_word' id='word_1_46' title='bbox 810 593 955 648; x_wconf 82' lang='grc' dir='ltr'><strong>Δὺτδ</strong></span> <span class='ocrx_word' id='word_1_47' title='bbox 1005 594 1067 645; x_wconf 86' lang='grc' dir='ltr'><strong>τδ</strong></span> <span class='ocrx_word' id='word_1_48' title='bbox 1115 589 1213 642; x_wconf 85' lang='grc' dir='ltr'><strong>τοῦ</strong></span> <span class='ocrx_word' id='word_1_49' title='bbox 1261 585 1555 656; x_wconf 77' lang='grc' dir='ltr'><strong>ἀνθρώπου</strong></span> <span class='ocrx_word' id='word_1_50' title='bbox 1605 583 1767 652; x_wconf 85' lang='grc' dir='ltr'><strong>σῶμα</strong></span> 
     </span>
    </p>
   </div>
   <div class='ocr_carea' id='block_1_9' title="bbox 182 672 1769 759">
    <p class='ocr_par' dir='ltr' id='par_1_9' title="bbox 182 672 1769 759">
     <span class='ocr_line' id='line_1_9' title="bbox 182 672 1769 759; baseline -0.015 -10"><span class='ocrx_word' id='word_1_51' title='bbox 182 694 451 759; x_wconf 72' lang='grc' dir='ltr'><strong>ἐπανέστη</strong></span> <span class='ocrx_word' id='word_1_52' title='bbox 501 690 645 744; x_wconf 76' lang='grc' dir='ltr'><strong>κατὰ</strong></span> <span class='ocrx_word' id='word_1_53' title='bbox 677 689 777 757; x_wconf 82' lang='grc' dir='ltr'><strong>τῆς</strong></span> <span class='ocrx_word' id='word_1_54' title='bbox 813 686 995 756; x_wconf 78' lang='grc' dir='ltr'><strong>ψυχῆς</strong></span> <span class='ocrx_word' id='word_1_55' title='bbox 1045 680 1236 747; x_wconf 89' lang='grc' dir='ltr'><strong>αὑτοῦ,</strong></span> <span class='ocrx_word' id='word_1_56' title='bbox 1290 681 1382 733; x_wconf 79' lang='grc' dir='ltr'><strong>καὶ</strong></span> <span class='ocrx_word' id='word_1_57' title='bbox 1419 672 1534 731; x_wconf 73' lang='grc' dir='ltr'><strong>οἷον</strong></span> <span class='ocrx_word' id='word_1_58' title='bbox 1576 675 1769 744; x_wconf 82' lang='grc' dir='ltr'><strong>ῶσπερ</strong></span> 
     </span>
    </p>
   </div>
   <div class='ocr_carea' id='block_1_10' title="bbox 184 768 1770 853">
    <p class='ocr_par' dir='ltr' id='par_1_10' title="bbox 184 768 1770 853">
     <span class='ocr_line' id='line_1_10' title="bbox 184 768 1770 853; baseline -0.013 -14"><span class='ocrx_word' id='word_1_59' title='bbox 184 787 342 839; x_wconf 87' lang='grc' dir='ltr'><strong>τινῶν</strong></span> <span class='ocrx_word' id='word_1_60' title='bbox 388 786 484 838; x_wconf 88' lang='grc' dir='ltr'><strong>δύο</strong></span> <span class='ocrx_word' id='word_1_61' title='bbox 514 781 727 853; x_wconf 79' lang='grc' dir='ltr'><strong>ὲχορῶν</strong></span> <span class='ocrx_word' id='word_1_62' title='bbox 765 782 859 834; x_wconf 74' lang='grc' dir='ltr'><strong>καὶ</strong></span> <span class='ocrx_word' id='word_1_63' title='bbox 899 776 1184 847; x_wconf 86' lang='grc' dir='ltr'><strong>πολεμίων</strong></span> <span class='ocrx_word' id='word_1_64' title='bbox 1218 773 1555 844; x_wconf 78' lang='grc' dir='ltr'><strong>εὑρεθέντων</strong></span> <span class='ocrx_word' id='word_1_65' title='bbox 1595 771 1654 822; x_wconf 81' lang='grc' dir='ltr'><strong>ἐν</strong></span> <span class='ocrx_word' id='word_1_66' title='bbox 1689 768 1770 820; x_wconf 69' lang='grc' dir='ltr'><strong>δνὶ</strong></span> 
     </span>
    </p>
   </div>
   <div class='ocr_carea' id='block_1_11' title="bbox 182 861 1771 949">
    <p class='ocr_par' dir='ltr' id='par_1_11' title="bbox 182 861 1771 949">
     <span class='ocr_line' id='line_1_11' title="bbox 182 861 1771 949; baseline -0.013 -18"><span class='ocrx_word' id='word_1_67' title='bbox 182 881 336 949; x_wconf 74' lang='grc' dir='ltr'><strong>οἴκῳ,</strong></span> <span class='ocrx_word' id='word_1_68' title='bbox 373 877 470 930; x_wconf 75' lang='grc' dir='ltr'><strong>καὶ</strong></span> <span class='ocrx_word' id='word_1_69' title='bbox 500 875 831 945; x_wconf 81' lang='grc' dir='ltr'><strong>μαχομένων</strong></span> <span class='ocrx_word' id='word_1_70' title='bbox 873 870 1011 942; x_wconf 83' lang='grc' dir='ltr'><strong>πρὸς</strong></span> <span class='ocrx_word' id='word_1_71' title='bbox 1053 868 1344 938; x_wconf 75' lang='grc' dir='ltr'><strong>ἀλλήλους,</strong></span> <span class='ocrx_word' id='word_1_72' title='bbox 1384 863 1514 934; x_wconf 80' lang='grc' dir='ltr'><strong>νικᾷ</strong></span> <span class='ocrx_word' id='word_1_73' title='bbox 1549 863 1577 914; x_wconf 83' lang='grc' dir='ltr'><strong>ὁ</strong></span> <span class='ocrx_word' id='word_1_74' title='bbox 1620 861 1771 930; x_wconf 80' lang='grc' dir='ltr'><strong>ἰσχυ·</strong></span> 
     </span>
    </p>
   </div>
   <div class='ocr_carea' id='block_1_12' title="bbox 183 951 1771 1040">
    <p class='ocr_par' dir='ltr' id='par_1_12' title="bbox 183 951 1771 1040">
     <span class='ocr_line' id='line_1_12' title="bbox 183 951 1771 1040; baseline -0.012 -18"><span class='ocrx_word' id='word_1_75' title='bbox 183 972 404 1040; x_wconf 82' lang='grc' dir='ltr'><strong>ρότερος</strong></span> <span class='ocrx_word' id='word_1_76' title='bbox 427 984 441 998; x_wconf 89' lang='grc'><strong>·</strong></span> <span class='ocrx_word' id='word_1_77' title='bbox 475 966 651 1028; x_wconf 76' lang='grc' dir='ltr'><strong>οὕτως</strong></span> <span class='ocrx_word' id='word_1_78' title='bbox 687 961 756 1035; x_wconf 79' lang='grc' dir='ltr'><strong>ἦν</strong></span> <span class='ocrx_word' id='word_1_79' title='bbox 790 961 1086 1034; x_wconf 78' lang='grc' dir='ltr'><strong>μαχομένη</strong></span> <span class='ocrx_word' id='word_1_80' title='bbox 1121 959 1216 1013; x_wconf 79' lang='grc' dir='ltr'><strong>καί</strong></span> <span class='ocrx_word' id='word_1_81' title='bbox 1243 959 1276 1027; x_wconf 80' lang='grc' dir='ltr'><strong>ἡ</strong></span> <span class='ocrx_word' id='word_1_82' title='bbox 1308 955 1456 1025; x_wconf 71' lang='grc' dir='ltr'><strong>ψυχὴ</strong></span> <span class='ocrx_word' id='word_1_83' title='bbox 1491 953 1632 1023; x_wconf 84' lang='grc' dir='ltr'><strong>μετὰ</strong></span> <span class='ocrx_word' id='word_1_84' title='bbox 1660 951 1771 1004; x_wconf 86' lang='grc' dir='ltr'><strong>τῶν</strong></span> 
     </span>
    </p>
   </div>
   <div class='ocr_carea' id='block_1_13' title="bbox 183 1043 1772 1128">
    <p class='ocr_par' dir='ltr' id='par_1_13' title="bbox 183 1043 1772 1128">
     <span class='ocr_line' id='line_1_13' title="bbox 183 1043 1772 1128; baseline -0.011 -15"><span class='ocrx_word' id='word_1_85' title='bbox 183 1060 514 1128; x_wconf 75' lang='grc' dir='ltr'><strong>σωματικῶν</strong></span> <span class='ocrx_word' id='word_1_86' title='bbox 553 1056 867 1126; x_wconf 68' lang='grc' dir='ltr'><strong>ἐπιθυμιῶν</strong></span> <span class='ocrx_word' id='word_1_87' title='bbox 906 1071 965 1109; x_wconf 84' lang='grc' dir='ltr'><strong>τε</strong></span> <span class='ocrx_word' id='word_1_88' title='bbox 1017 1054 1110 1105; x_wconf 78' lang='grc' dir='ltr'><strong>καὶ</strong></span> <span class='ocrx_word' id='word_1_89' title='bbox 1165 1049 1424 1120; x_wconf 77' lang='grc' dir='ltr'><strong>ὀρέξεων.</strong></span> <span class='ocrx_word' id='word_1_90' title='bbox 1468 1043 1611 1099; x_wconf 82' lang='grc' dir='ltr'><strong>Ἀλλ’</strong></span> <span class='ocrx_word' id='word_1_91' title='bbox 1644 1043 1772 1115; x_wconf 78' lang='grc' dir='ltr'><strong>ἐρη-</strong></span> 
     </span>
    </p>
   </div>
   <div class='ocr_carea' id='block_1_14' title="bbox 185 1137 1772 1221">
    <p class='ocr_par' dir='ltr' id='par_1_14' title="bbox 185 1137 1772 1221">
     <span class='ocr_line' id='line_1_14' title="bbox 185 1137 1772 1221; baseline -0.008 -19"><span class='ocrx_word' id='word_1_92' title='bbox 185 1168 278 1220; x_wconf 87' lang='grc' dir='ltr'><strong>μος</strong></span> <span class='ocrx_word' id='word_1_93' title='bbox 308 1150 448 1204; x_wconf 84' lang='grc' dir='ltr'><strong>οῦσα</strong></span> <span class='ocrx_word' id='word_1_94' title='bbox 482 1152 516 1220; x_wconf 82' lang='grc' dir='ltr'><strong>ὴ</strong></span> <span class='ocrx_word' id='word_1_95' title='bbox 554 1148 702 1221; x_wconf 73' lang='grc' dir='ltr'><strong>ψυχὴ</strong></span> <span class='ocrx_word' id='word_1_96' title='bbox 743 1147 843 1217; x_wconf 83' lang='grc' dir='ltr'><strong>τῆς</strong></span> <span class='ocrx_word' id='word_1_97' title='bbox 875 1145 971 1198; x_wconf 91' lang='grc' dir='ltr'><strong>τοῦ</strong></span> <span class='ocrx_word' id='word_1_98' title='bbox 1009 1141 1150 1197; x_wconf 82' lang='grc' dir='ltr'><strong>Θεοῦ</strong></span> <span class='ocrx_word' id='word_1_99' title='bbox 1181 1140 1464 1212; x_wconf 79' lang='grc' dir='ltr'><strong>βοηθείας,</strong></span> <span class='ocrx_word' id='word_1_100' title='bbox 1510 1137 1772 1191; x_wconf 76' lang='grc' dir='ltr'><strong>ὑπέκειτο</strong></span> 
     </span>
    </p>
   </div>
   <div class='ocr_carea' id='block_1_15' title="bbox 182 1231 1773 1312">
    <p class='ocr_par' dir='ltr' id='par_1_15' title="bbox 182 1231 1773 1312">
     <span class='ocr_line' id='line_1_15' title="bbox 182 1231 1773 1312; baseline -0.009 -16"><span class='ocrx_word' id='word_1_101' title='bbox 182 1244 255 1312; x_wconf 77' lang='grc' dir='ltr'><strong>τῷ</strong></span> <span class='ocrx_word' id='word_1_102' title='bbox 281 1243 525 1312; x_wconf 84' lang='grc' dir='ltr'><strong>σώματι,</strong></span> <span class='ocrx_word' id='word_1_103' title='bbox 568 1243 661 1295; x_wconf 80' lang='grc' dir='ltr'><strong>καὶ</strong></span> <span class='ocrx_word' id='word_1_104' title='bbox 694 1242 726 1310; x_wconf 75' lang='grc' dir='ltr'>ἡ</span> <span class='ocrx_word' id='word_1_105' title='bbox 758 1238 914 1305; x_wconf 79' lang='grc' dir='ltr'><strong>τάξις</strong></span> <span class='ocrx_word' id='word_1_106' title='bbox 944 1237 1386 1304; x_wconf 67' lang='grc' dir='ltr'><strong>ἀπέστραπται,</strong></span> <span class='ocrx_word' id='word_1_107' title='bbox 1444 1233 1538 1286; x_wconf 79' lang='grc' dir='ltr'><strong>καὶ</strong></span> <span class='ocrx_word' id='word_1_108' title='bbox 1572 1231 1606 1302; x_wconf 78' lang='grc' dir='ltr'>ἠ</span> <span class='ocrx_word' id='word_1_109' title='bbox 1637 1232 1773 1302; x_wconf 81' lang='grc' dir='ltr'><strong>πρό-</strong></span> 
     </span>
    </p>
   </div>
   <div class='ocr_carea' id='block_1_16' title="bbox 181 1322 1773 1403">
    <p class='ocr_par' dir='ltr' id='par_1_16' title="bbox 181 1322 1773 1403">
     <span class='ocr_line' id='line_1_16' title="bbox 181 1322 1773 1403; baseline -0.006 -19"><span class='ocrx_word' id='word_1_110' title='bbox 181 1350 335 1403; x_wconf 82' lang='grc' dir='ltr'><strong>τερον</strong></span> <span class='ocrx_word' id='word_1_111' title='bbox 374 1334 643 1386; x_wconf 77' lang='grc' dir='ltr'><strong>δέσποινα</strong></span> <span class='ocrx_word' id='word_1_112' title='bbox 693 1329 1168 1401; x_wconf 81' lang='grc' dir='ltr'><strong>δημιουργηθείσα</strong></span> <span class='ocrx_word' id='word_1_113' title='bbox 1203 1325 1432 1397; x_wconf 81' lang='grc' dir='ltr'><strong>ὕστερον</strong></span> <span class='ocrx_word' id='word_1_114' title='bbox 1467 1324 1631 1390; x_wconf 85' lang='grc' dir='ltr'><strong>δούλη</strong></span> <span class='ocrx_word' id='word_1_115' title='bbox 1679 1322 1773 1376; x_wconf 80' lang='grc' dir='ltr'><strong>καὶ</strong></span> 
     </span>
    </p>
   </div>
   <div class='ocr_carea' id='block_1_17' title="bbox 184 1414 1774 1494">
    <p class='ocr_par' dir='ltr' id='par_1_17' title="bbox 184 1414 1774 1494">
     <span class='ocr_line' id='line_1_17' title="bbox 184 1414 1774 1494; baseline -0.006 -18"><span class='ocrx_word' id='word_1_116' title='bbox 184 1425 506 1493; x_wconf 70' lang='grc' dir='ltr'><strong>θεραπαινὶς</strong></span> <span class='ocrx_word' id='word_1_117' title='bbox 537 1423 647 1477; x_wconf 82' lang='grc' dir='ltr'><strong>τῶν</strong></span> <span class='ocrx_word' id='word_1_118' title='bbox 683 1421 890 1494; x_wconf 77' lang='grc' dir='ltr'><strong>ἡδονῶν</strong></span> <span class='ocrx_word' id='word_1_119' title='bbox 915 1419 1300 1488; x_wconf 80' lang='grc' dir='ltr'><strong>ἀναφαίνεται.</strong></span> <span class='ocrx_word' id='word_1_120' title='bbox 1344 1417 1407 1470; x_wconf 85' lang='grc' dir='ltr'><strong>Ἦ</strong></span> <span class='ocrx_word' id='word_1_121' title='bbox 1434 1417 1490 1470; x_wconf 81' lang='grc' dir='ltr'><strong>δὲ</strong></span> <span class='ocrx_word' id='word_1_122' title='bbox 1512 1415 1608 1468; x_wconf 90' lang='grc' dir='ltr'><strong>τοῦ</strong></span> <span class='ocrx_word' id='word_1_123' title='bbox 1637 1414 1681 1467; x_wconf 83' lang='grc' dir='ltr'><strong>Χ</strong></span> <span class='ocrx_word' id='word_1_124' title='bbox 1691 1431 1774 1485; x_wconf 86' lang='grc' dir='ltr'><strong>ρι-</strong></span> 
     </span>
    </p>
   </div>
   <div class='ocr_carea' id='block_1_18' title="bbox 184 1505 1776 1585">
    <p class='ocr_par' dir='ltr' id='par_1_18' title="bbox 184 1505 1776 1585">
     <span class='ocr_line' id='line_1_18' title="bbox 184 1505 1776 1585; baseline -0.004 -19"><span class='ocrx_word' id='word_1_125' title='bbox 184 1519 306 1567; x_wconf 84' lang='grc' dir='ltr'><strong>στοῦ</strong></span> <span class='ocrx_word' id='word_1_126' title='bbox 338 1516 624 1585; x_wconf 75' lang='grc' dir='ltr'><strong>γέννησις,</strong></span> <span class='ocrx_word' id='word_1_127' title='bbox 663 1514 786 1584; x_wconf 73' lang='grc' dir='ltr'><strong>ἦτοι</strong></span> <span class='ocrx_word' id='word_1_128' title='bbox 828 1515 860 1583; x_wconf 84' lang='grc' dir='ltr'><strong>ὴ</strong></span> <span class='ocrx_word' id='word_1_129' title='bbox 894 1511 989 1566; x_wconf 89' lang='grc' dir='ltr'><strong>τοῦ</strong></span> <span class='ocrx_word' id='word_1_130' title='bbox 1026 1510 1157 1564; x_wconf 74' lang='grc' dir='ltr'><strong>Υἰοῦ</strong></span> <span class='ocrx_word' id='word_1_131' title='bbox 1201 1508 1294 1562; x_wconf 91' lang='grc' dir='ltr'><strong>τοῦ</strong></span> <span class='ocrx_word' id='word_1_132' title='bbox 1333 1508 1471 1561; x_wconf 84' lang='grc' dir='ltr'><strong>Θεοῦ</strong></span> <span class='ocrx_word' id='word_1_133' title='bbox 1501 1505 1776 1577; x_wconf 82' lang='grc' dir='ltr'><strong>ὲνανορώ-</strong></span> 
     </span>
    </p>
   </div>
   <div class='ocr_carea' id='block_1_19' title="bbox 186 1599 1772 1675">
    <p class='ocr_par' dir='ltr' id='par_1_19' title="bbox 186 1599 1772 1675">
     <span class='ocr_line' id='line_1_19' title="bbox 186 1599 1772 1675; baseline -0.003 -17"><span class='ocrx_word' id='word_1_134' title='bbox 186 1620 372 1674; x_wconf 83' lang='grc' dir='ltr'><strong>πησις,</strong></span> <span class='ocrx_word' id='word_1_135' title='bbox 410 1608 593 1675; x_wconf 72' lang='grc' dir='ltr'><strong>ἥνωσε</strong></span> <span class='ocrx_word' id='word_1_136' title='bbox 627 1607 698 1659; x_wconf 83' lang='grc' dir='ltr'><strong>τά</strong></span> <span class='ocrx_word' id='word_1_137' title='bbox 729 1622 788 1658; x_wconf 87' lang='grc' dir='ltr'><strong>τε</strong></span> <span class='ocrx_word' id='word_1_138' title='bbox 835 1607 895 1657; x_wconf 75' lang='grc' dir='ltr'><strong>εν</strong></span> <span class='ocrx_word' id='word_1_139' title='bbox 922 1604 1161 1675; x_wconf 75' lang='grc' dir='ltr'><strong>οὐρανῷ,</strong></span> <span class='ocrx_word' id='word_1_140' title='bbox 1205 1602 1276 1654; x_wconf 83' lang='grc' dir='ltr'><strong>τά</strong></span> <span class='ocrx_word' id='word_1_141' title='bbox 1305 1618 1363 1654; x_wconf 86' lang='grc' dir='ltr'><strong>τε</strong></span> <span class='ocrx_word' id='word_1_142' title='bbox 1394 1599 1488 1654; x_wconf 73' lang='grc' dir='ltr'><strong>ἐπὶ</strong></span> <span class='ocrx_word' id='word_1_143' title='bbox 1517 1601 1615 1669; x_wconf 80' lang='grc' dir='ltr'><strong>τῆς</strong></span> <span class='ocrx_word' id='word_1_144' title='bbox 1645 1599 1772 1670; x_wconf 80' lang='grc' dir='ltr'><strong>γῆς.</strong></span> 
     </span>
    </p>
   </div>
   <div class='ocr_carea' id='block_1_20' title="bbox 187 1691 1774 1766">
    <p class='ocr_par' dir='ltr' id='par_1_20' title="bbox 187 1691 1774 1766">
     <span class='ocr_line' id='line_1_20' title="bbox 187 1691 1774 1766; baseline -0.005 -14"><span class='ocrx_word' id='word_1_145' title='bbox 187 1699 294 1752; x_wconf 76' lang='grc' dir='ltr'><strong>Καὶ</strong></span> <span class='ocrx_word' id='word_1_146' title='bbox 329 1700 538 1761; x_wconf 81' lang='grc' dir='ltr'><strong>ἰδόντες</strong></span> <span class='ocrx_word' id='word_1_147' title='bbox 569 1698 620 1750; x_wconf 91' lang='grc' dir='ltr'><strong>οἰ</strong></span> <span class='ocrx_word' id='word_1_148' title='bbox 661 1697 888 1764; x_wconf 79' lang='grc' dir='ltr'><strong>ἄγγελοι</strong></span> <span class='ocrx_word' id='word_1_149' title='bbox 925 1696 1023 1766; x_wconf 81' lang='grc' dir='ltr'><strong>τὴν</strong></span> <span class='ocrx_word' id='word_1_150' title='bbox 1056 1695 1150 1747; x_wconf 88' lang='grc' dir='ltr'><strong>τοῦ</strong></span> <span class='ocrx_word' id='word_1_151' title='bbox 1187 1691 1326 1746; x_wconf 88' lang='grc' dir='ltr'><strong>Θεοῦ</strong></span> <span class='ocrx_word' id='word_1_152' title='bbox 1378 1693 1592 1762; x_wconf 74' lang='grc' dir='ltr'><strong>ἄφατον</strong></span> <span class='ocrx_word' id='word_1_153' title='bbox 1638 1707 1774 1760; x_wconf 82' lang='grc' dir='ltr'><strong>συγ-</strong></span> 
     </span>
    </p>
   </div>
   <div class='ocr_carea' id='block_1_21' title="bbox 185 1787 519 1851">
    <p class='ocr_par' dir='ltr' id='par_1_21' title="bbox 185 1787 519 1851">
     <span class='ocr_line' id='line_1_21' title="bbox 185 1787 519 1851; baseline 0 -11"><span class='ocrx_word' id='word_1_154' title='bbox 185 1787 519 1851; x_wconf 71' lang='grc' dir='ltr'><strong>κατάϐασιν,</strong></span> 
     </span>
    </p>
   </div>
   <div class='ocr_carea' id='block_1_22' title="bbox 179 1872 1776 1950">
    <p class='ocr_par' dir='ltr' id='par_1_22' title="bbox 179 1872 1776 1950">
     <span class='ocr_line' id='line_1_22' title="bbox 179 1872 1776 1950; baseline -0.003 -18"><span class='ocrx_word' id='word_1_155' title='bbox 179 1880 524 1948; x_wconf 74' lang='grc' dir='ltr'><strong>ἀγαθότητα,</strong></span> <span class='ocrx_word' id='word_1_156' title='bbox 559 1879 657 1932; x_wconf 78' lang='grc' dir='ltr'><strong>καὶ</strong></span> <span class='ocrx_word' id='word_1_157' title='bbox 709 1880 812 1949; x_wconf 80' lang='grc' dir='ltr'><strong>τὴν</strong></span> <span class='ocrx_word' id='word_1_158' title='bbox 867 1876 1071 1950; x_wconf 74' lang='grc' dir='ltr'><strong>ἐχθρὰν</strong></span> <span class='ocrx_word' id='word_1_159' title='bbox 1128 1875 1295 1945; x_wconf 80' lang='grc' dir='ltr'><strong>φύσιν</strong></span> <span class='ocrx_word' id='word_1_160' title='bbox 1342 1872 1441 1928; x_wconf 85' lang='grc' dir='ltr'><strong>τοῦ</strong></span> <span class='ocrx_word' id='word_1_161' title='bbox 1478 1874 1776 1944; x_wconf 77' lang='grc' dir='ltr'><strong>ἀνθρώπου</strong></span> 
     </span>
    </p>
   </div>
   <div class='ocr_carea' id='block_1_23' title="bbox 182 1957 1778 2043">
    <p class='ocr_par' dir='ltr' id='par_1_23' title="bbox 182 1957 1778 2043">
     <span class='ocr_line' id='line_1_23' title="bbox 182 1957 1778 2043; baseline -0.001 -20"><span class='ocrx_word' id='word_1_162' title='bbox 182 1971 277 2024; x_wconf 74' lang='grc' dir='ltr'><strong>καὶ</strong></span> <span class='ocrx_word' id='word_1_163' title='bbox 312 1973 472 2028; x_wconf 78' lang='grc' dir='ltr'><strong>κάτω</strong></span> <span class='ocrx_word' id='word_1_164' title='bbox 504 1957 770 2043; x_wconf 67' lang='grc' dir='ltr'><strong>κειμένην</strong></span> <span class='ocrx_word' id='word_1_165' title='bbox 836 1970 1132 2025; x_wconf 74' lang='grc' dir='ltr'><strong>ἀνελάϐετο</strong></span> <span class='ocrx_word' id='word_1_166' title='bbox 1159 1970 1256 2025; x_wconf 81' lang='grc' dir='ltr'><strong>καὶ</strong></span> <span class='ocrx_word' id='word_1_167' title='bbox 1287 1969 1467 2038; x_wconf 81' lang='grc' dir='ltr'><strong>ἦνωσε</strong></span> <span class='ocrx_word' id='word_1_168' title='bbox 1507 1971 1573 2039; x_wconf 81' lang='grc' dir='ltr'><strong>τῇ</strong></span> <span class='ocrx_word' id='word_1_169' title='bbox 1610 1968 1778 2022; x_wconf 89' lang='grc' dir='ltr'><strong>αὑτοῦ</strong></span> 
     </span>
    </p>
   </div>
   <div class='ocr_carea' id='block_1_24' title="bbox 181 2060 1780 2134">
    <p class='ocr_par' dir='ltr' id='par_1_24' title="bbox 181 2060 1780 2134">
     <span class='ocr_line' id='line_1_24' title="bbox 181 2060 1780 2134; baseline -0.001 -20"><span class='ocrx_word' id='word_1_170' title='bbox 181 2062 423 2133; x_wconf 78' lang='grc' dir='ltr'><strong>θεότητι,</strong></span> <span class='ocrx_word' id='word_1_171' title='bbox 457 2064 554 2117; x_wconf 77' lang='grc' dir='ltr'><strong>καὶ</strong></span> <span class='ocrx_word' id='word_1_172' title='bbox 588 2065 788 2134; x_wconf 77' lang='grc' dir='ltr'><strong>ἡγίασε</strong></span> <span class='ocrx_word' id='word_1_173' title='bbox 822 2063 918 2116; x_wconf 75' lang='grc' dir='ltr'><strong>καὶ</strong></span> <span class='ocrx_word' id='word_1_174' title='bbox 965 2061 1153 2131; x_wconf 78' lang='grc' dir='ltr'><strong>ὑψωσε</strong></span> <span class='ocrx_word' id='word_1_175' title='bbox 1185 2079 1200 2094; x_wconf 81' lang='grc' dir='ltr'><strong>ο</strong></span> <span class='ocrx_word' id='word_1_176' title='bbox 1251 2061 1416 2114; x_wconf 88' lang='grc' dir='ltr'><strong>τοῦτο</strong></span> <span class='ocrx_word' id='word_1_177' title='bbox 1448 2060 1780 2132; x_wconf 80' lang='grc' dir='ltr'><strong>θεασάμενοι</strong></span> 
     </span>
    </p>
   </div>
   <div class='ocr_carea' id='block_1_25' title="bbox 181 2153 1782 2225">
    <p class='ocr_par' dir='ltr' id='par_1_25' title="bbox 181 2153 1782 2225">
     <span class='ocr_line' id='line_1_25' title="bbox 181 2153 1782 2225; baseline -0.002 -17"><span class='ocrx_word' id='word_1_178' title='bbox 181 2158 227 2208; x_wconf 85' lang='grc' dir='ltr'><strong>οἱ</strong></span> <span class='ocrx_word' id='word_1_179' title='bbox 264 2156 522 2224; x_wconf 67' lang='grc' dir='ltr'><strong>ἄγγελοι,</strong></span> <span class='ocrx_word' id='word_1_180' title='bbox 577 2156 671 2209; x_wconf 72' lang='grc' dir='ltr'><strong>καὶ</strong></span> <span class='ocrx_word' id='word_1_181' title='bbox 726 2154 1139 2225; x_wconf 71' lang='grc' dir='ltr'><strong>θαυμάσαντες,</strong></span> <span class='ocrx_word' id='word_1_182' title='bbox 1170 2154 1264 2206; x_wconf 85' lang='grc' dir='ltr'><strong>καί</strong></span> <span class='ocrx_word' id='word_1_183' title='bbox 1307 2153 1686 2221; x_wconf 63' lang='grc' dir='ltr'><strong>ἐκπλαγέντες</strong></span> <span class='ocrx_word' id='word_1_184' title='bbox 1720 2155 1782 2206; x_wconf 78' lang='grc' dir='ltr'><strong>τὸ</strong></span> 
     </span>
    </p>
   </div>
   <div class='ocr_carea' id='block_1_26' title="bbox 185 2222 1782 2318">
    <p class='ocr_par' dir='ltr' id='par_1_26' title="bbox 185 2222 1782 2318">
     <span class='ocr_line' id='line_1_26' title="bbox 185 2222 1782 2318; baseline -0.002 -17"><span class='ocrx_word' id='word_1_185' title='bbox 185 2248 326 2318; x_wconf 65' lang='grc' dir='ltr'><strong>μέγα</strong></span> <span class='ocrx_word' id='word_1_186' title='bbox 354 2222 525 2301; x_wconf 75' lang='grc' dir='ltr'><strong>τοῦτο</strong></span> <span class='ocrx_word' id='word_1_187' title='bbox 579 2248 675 2300; x_wconf 72' lang='grc' dir='ltr'><strong>καὶ</strong></span> <span class='ocrx_word' id='word_1_188' title='bbox 724 2222 968 2315; x_wconf 61' lang='lat' dir='ltr'><strong>testato;</strong></span> <span class='ocrx_word' id='word_1_189' title='bbox 1019 2243 1230 2315; x_wconf 81' lang='grc' dir='ltr'><strong>θαῦμα,</strong></span> <span class='ocrx_word' id='word_1_190' title='bbox 1281 2245 1378 2298; x_wconf 76' lang='grc' dir='ltr'><strong>καὶ</strong></span> <span class='ocrx_word' id='word_1_191' title='bbox 1433 2244 1575 2316; x_wconf 77' lang='grc' dir='ltr'><strong>ὑπὲρ</strong></span> <span class='ocrx_word' id='word_1_192' title='bbox 1614 2245 1782 2316; x_wconf 80' lang='grc' dir='ltr'><strong>φύσιν</strong></span> 
     </span>
    </p>
   </div>
   <div class='ocr_carea' id='block_1_27' title="bbox 186 2334 1780 2409">
    <p class='ocr_par' dir='ltr' id='par_1_27' title="bbox 186 2334 1780 2409">
     <span class='ocr_line' id='line_1_27' title="bbox 186 2334 1780 2409; baseline 0.002 -18"><span class='ocrx_word' id='word_1_193' title='bbox 186 2342 441 2408; x_wconf 76' lang='grc' dir='ltr'><strong>πρᾶγμα,</strong></span> <span class='ocrx_word' id='word_1_194' title='bbox 491 2340 729 2409; x_wconf 71' lang='grc' dir='ltr'><strong>ἐϐόησαν</strong></span> <span class='ocrx_word' id='word_1_195' title='bbox 759 2337 1084 2403; x_wconf 74' lang='grc' dir='ltr'><strong>δοξάσαντες</strong></span> <span class='ocrx_word' id='word_1_196' title='bbox 1129 2337 1222 2390; x_wconf 81' lang='grc' dir='ltr'><strong>τὸν</strong></span> <span class='ocrx_word' id='word_1_197' title='bbox 1253 2337 1411 2404; x_wconf 75' lang='grc' dir='ltr'><strong>Θεὸν,</strong></span> <span class='ocrx_word' id='word_1_198' title='bbox 1452 2338 1552 2391; x_wconf 70' lang='grc' dir='ltr'><strong>καὶ</strong></span> <span class='ocrx_word' id='word_1_199' title='bbox 1600 2334 1780 2403; x_wconf 72' lang='grc' dir='ltr'><strong>εἶπον,</strong></span> 
     </span>
    </p>
   </div>
   <div class='ocr_carea' id='block_1_28' title="bbox 187 2430 1787 2504">
    <p class='ocr_par' dir='ltr' id='par_1_28' title="bbox 187 2430 1787 2504">
     <span class='ocr_line' id='line_1_28' title="bbox 187 2430 1787 2504; baseline -0.001 -18"><span class='ocrx_word' id='word_1_200' title='bbox 187 2452 206 2485; x_wconf 80' lang='grc' dir='ltr'><strong>ε</strong></span> <span class='ocrx_word' id='word_1_201' title='bbox 235 2434 378 2496; x_wconf 76' lang='grc' dir='ltr'><strong>Δόξα</strong></span> <span class='ocrx_word' id='word_1_202' title='bbox 401 2433 462 2484; x_wconf 78' lang='grc' dir='ltr'><strong>ἐν</strong></span> <span class='ocrx_word' id='word_1_203' title='bbox 494 2430 740 2501; x_wconf 72' lang='grc' dir='ltr'><strong>ὑψίστοις</strong></span> <span class='ocrx_word' id='word_1_204' title='bbox 766 2430 911 2503; x_wconf 83' lang='grc' dir='ltr'><strong>Θεῷ,</strong></span> <span class='ocrx_word' id='word_1_205' title='bbox 933 2431 953 2484; x_wconf 65' lang='grc' dir='ltr'><strong>ι</strong></span> <span class='ocrx_word' id='word_1_206' title='bbox 973 2430 1194 2495; x_wconf 82' lang='grc' dir='ltr'><strong>Ἰδόντες</strong></span> <span class='ocrx_word' id='word_1_207' title='bbox 1213 2430 1270 2484; x_wconf 77' lang='grc' dir='ltr'><strong>δὲ</strong></span> <span class='ocrx_word' id='word_1_208' title='bbox 1290 2432 1429 2500; x_wconf 78' lang='grc' dir='ltr'><strong>μετὰ</strong></span> <span class='ocrx_word' id='word_1_209' title='bbox 1444 2431 1552 2485; x_wconf 87' lang='grc' dir='ltr'><strong>τῶν</strong></span> <span class='ocrx_word' id='word_1_210' title='bbox 1575 2432 1787 2504; x_wconf 75' lang='grc' dir='ltr'><strong>ἀνθρώ-</strong></span> 
     </span>
    </p>
   </div>
   <div class='ocr_carea' id='block_1_29' title="bbox 181 2519 1784 2593">
    <p class='ocr_par' dir='ltr' id='par_1_29' title="bbox 181 2519 1784 2593">
     <span class='ocr_line' id='line_1_29' title="bbox 181 2519 1784 2593; baseline 0.002 -20"><span class='ocrx_word' id='word_1_211' title='bbox 181 2535 299 2573; x_wconf 77' lang='grc' dir='ltr'><strong>πων</strong></span> <span class='ocrx_word' id='word_1_212' title='bbox 330 2519 533 2574; x_wconf 67' lang='grc' dir='ltr'><strong>ξνωσιν</strong></span> <span class='ocrx_word' id='word_1_213' title='bbox 563 2520 673 2574; x_wconf 84' lang='grc' dir='ltr'><strong>τῶν</strong></span> <span class='ocrx_word' id='word_1_214' title='bbox 704 2521 978 2588; x_wconf 75' lang='grc' dir='ltr'><strong>ἀγγέλων,</strong></span> <span class='ocrx_word' id='word_1_215' title='bbox 1020 2523 1120 2573; x_wconf 81' lang='grc' dir='ltr'><strong>καὶ</strong></span> <span class='ocrx_word' id='word_1_216' title='bbox 1150 2521 1252 2589; x_wconf 79' lang='grc' dir='ltr'><strong>τὴν</strong></span> <span class='ocrx_word' id='word_1_217' title='bbox 1302 2522 1665 2591; x_wconf 84' lang='grc' dir='ltr'><strong>πολυχρόνιον</strong></span> <span class='ocrx_word' id='word_1_218' title='bbox 1695 2523 1784 2593; x_wconf 77' lang='grc' dir='ltr'><strong>ἐχ-</strong></span> 
     </span>
    </p>
   </div>
   <div class='ocr_carea' id='block_1_30' title="bbox 179 2607 1787 2686">
    <p class='ocr_par' dir='ltr' id='par_1_30' title="bbox 179 2607 1787 2686">
     <span class='ocr_line' id='line_1_30' title="bbox 179 2607 1787 2686; baseline 0.004 -24"><span class='ocrx_word' id='word_1_219' title='bbox 179 2613 316 2681; x_wconf 84' lang='grc' dir='ltr'><strong>Θραν</strong></span> <span class='ocrx_word' id='word_1_220' title='bbox 339 2611 618 2676; x_wconf 79' lang='grc' dir='ltr'><strong>λυθείσαν,</strong></span> <span class='ocrx_word' id='word_1_221' title='bbox 640 2607 815 2678; x_wconf 76' lang='grc' dir='ltr'><strong>εἶπον,</strong></span> <span class='ocrx_word' id='word_1_222' title='bbox 849 2631 868 2664; x_wconf 83' lang='grc' dir='ltr'><strong>ι</strong></span> <span class='ocrx_word' id='word_1_223' title='bbox 893 2612 1017 2665; x_wconf 67' lang='grc' dir='ltr'><strong>Ἐπὶ</strong></span> <span class='ocrx_word' id='word_1_224' title='bbox 1038 2613 1140 2683; x_wconf 83' lang='grc' dir='ltr'><strong>γῆς</strong></span> <span class='ocrx_word' id='word_1_225' title='bbox 1162 2614 1376 2684; x_wconf 80' lang='grc' dir='ltr'><strong>εἰρήνη,</strong></span> <span class='ocrx_word' id='word_1_226' title='bbox 1395 2615 1453 2666; x_wconf 73' lang='grc' dir='ltr'><strong>εν</strong></span> <span class='ocrx_word' id='word_1_227' title='bbox 1474 2613 1787 2686; x_wconf 78' lang='grc' dir='ltr'><strong>ἀνθρώποις</strong></span> 
     </span>
    </p>
   </div>
   <div class='ocr_carea' id='block_1_31' title="bbox 186 2702 1784 2778">
    <p class='ocr_par' dir='ltr' id='par_1_31' title="bbox 186 2702 1784 2778">
     <span class='ocr_line' id='line_1_31' title="bbox 186 2702 1784 2778; baseline 0.003 -22"><span class='ocrx_word' id='word_1_228' title='bbox 186 2704 437 2757; x_wconf 76' lang='grc' dir='ltr'><strong>εὐδοκία.</strong></span> <span class='ocrx_word' id='word_1_229' title='bbox 496 2722 516 2756; x_wconf 74' lang='grc' dir='ltr'><strong>ι</strong></span> <span class='ocrx_word' id='word_1_230' title='bbox 552 2704 664 2758; x_wconf 79' lang='grc' dir='ltr'><strong>Καὶ</strong></span> <span class='ocrx_word' id='word_1_231' title='bbox 691 2702 986 2775; x_wconf 68' lang='grc' dir='ltr'><strong>ἐπληρώθη</strong></span> <span class='ocrx_word' id='word_1_232' title='bbox 1010 2705 1044 2775; x_wconf 78' lang='grc' dir='ltr'><strong>η</strong></span> <span class='ocrx_word' id='word_1_233' title='bbox 1085 2705 1182 2757; x_wconf 88' lang='grc' dir='ltr'><strong>τοῦ</strong></span> <span class='ocrx_word' id='word_1_234' title='bbox 1202 2705 1371 2759; x_wconf 74' lang='grc' dir='ltr'><strong>Δασὶδ</strong></span> <span class='ocrx_word' id='word_1_235' title='bbox 1409 2707 1719 2777; x_wconf 80' lang='grc' dir='ltr'><strong>προφητεία</strong></span> <span class='ocrx_word' id='word_1_236' title='bbox 1751 2710 1784 2778; x_wconf 80' lang='grc' dir='ltr'>ἡ</span> 
     </span>
    </p>
   </div>
   <div class='ocr_carea' id='block_1_32' title="bbox 179 2797 1789 2871">
    <p class='ocr_par' dir='ltr' id='par_1_32' title="bbox 179 2797 1789 2871">
     <span class='ocr_line' id='line_1_32' title="bbox 179 2797 1789 2871; baseline 0.003 -22"><span class='ocrx_word' id='word_1_237' title='bbox 179 2797 446 2863; x_wconf 82' lang='grc' dir='ltr'><strong>λέγουσα,</strong></span> <span class='ocrx_word' id='word_1_238' title='bbox 494 2815 514 2849; x_wconf 79' lang='grc' dir='ltr'><strong>ε</strong></span> <span class='ocrx_word' id='word_1_239' title='bbox 567 2797 1072 2867; x_wconf 69' lang='grc' dir='ltr'><strong>Εὑφραινεσθωσαν</strong></span> <span class='ocrx_word' id='word_1_240' title='bbox 1105 2800 1155 2852; x_wconf 85' lang='grc' dir='ltr'><strong>οἰ</strong></span> <span class='ocrx_word' id='word_1_241' title='bbox 1197 2798 1447 2869; x_wconf 83' lang='grc' dir='ltr'><strong>οὐρανοὶ,</strong></span> <span class='ocrx_word' id='word_1_242' title='bbox 1489 2801 1586 2854; x_wconf 78' lang='grc' dir='ltr'><strong>καὶ</strong></span> <span class='ocrx_word' id='word_1_243' title='bbox 1614 2801 1789 2871; x_wconf 76' lang='grc' dir='ltr'><strong>ἀγαλ-</strong></span> 
     </span>
    </p>
   </div>
   <div class='ocr_carea' id='block_1_33' title="bbox 181 2886 1788 2962">
    <p class='ocr_par' dir='ltr' id='par_1_33' title="bbox 181 2886 1788 2962">
     <span class='ocr_line' id='line_1_33' title="bbox 181 2886 1788 2962; baseline 0.006 -25"><span class='ocrx_word' id='word_1_244' title='bbox 181 2886 398 2940; x_wconf 70' lang='grc' dir='ltr'><strong>λιασθω</strong></span> <span class='ocrx_word' id='word_1_245' title='bbox 437 2889 472 2956; x_wconf 77' lang='grc' dir='ltr'><strong>η</strong></span> <span class='ocrx_word' id='word_1_246' title='bbox 529 2888 624 2958; x_wconf 83' lang='grc' dir='ltr'><strong>γῆ.</strong></span> <span class='ocrx_word' id='word_1_247' title='bbox 674 2889 1039 2958; x_wconf 79' lang='grc' dir='ltr'><strong>’Δνήγγειλαν</strong></span> <span class='ocrx_word' id='word_1_248' title='bbox 1084 2891 1134 2942; x_wconf 88' lang='lat' dir='ltr'><strong>0i</strong></span> <span class='ocrx_word' id='word_1_249' title='bbox 1171 2890 1396 2961; x_wconf 80' lang='grc' dir='ltr'><strong>οὐρανοί</strong></span> <span class='ocrx_word' id='word_1_250' title='bbox 1440 2891 1541 2962; x_wconf 76' lang='grc' dir='ltr'><strong>τὴν</strong></span> <span class='ocrx_word' id='word_1_251' title='bbox 1578 2891 1788 2946; x_wconf 82' lang='grc' dir='ltr'><strong>δικαιο-</strong></span> 
     </span>
    </p>
   </div>
   <div class='ocr_carea' id='block_1_34' title="bbox 183 2977 1790 3055">
    <p class='ocr_par' dir='ltr' id='par_1_34' title="bbox 183 2977 1790 3055">
     <span class='ocr_line' id='line_1_34' title="bbox 183 2977 1790 3055; baseline 0.006 -27"><span class='ocrx_word' id='word_1_252' title='bbox 183 2978 356 3048; x_wconf 67' lang='grc' dir='ltr'><strong>σῦνην</strong></span> <span class='ocrx_word' id='word_1_253' title='bbox 409 2977 577 3031; x_wconf 70' lang='grc' dir='ltr'><strong>αὑτοῦ</strong></span> <span class='ocrx_word' id='word_1_254' title='bbox 608 3017 623 3042; x_wconf 89' lang='grc'><strong>,</strong></span> <span class='ocrx_word' id='word_1_255' title='bbox 693 2980 789 3034; x_wconf 79' lang='grc' dir='ltr'><strong>καὶ</strong></span> <span class='ocrx_word' id='word_1_256' title='bbox 840 2981 1061 3034; x_wconf 84' lang='grc' dir='ltr'><strong>είδοσαν</strong></span> <span class='ocrx_word' id='word_1_257' title='bbox 1133 2982 1337 3044; x_wconf 83' lang='grc' dir='ltr'><strong>πάντες</strong></span> <span class='ocrx_word' id='word_1_258' title='bbox 1396 2983 1445 3036; x_wconf 89' lang='grc' dir='ltr'><strong>οἰ</strong></span> <span class='ocrx_word' id='word_1_259' title='bbox 1515 2983 1636 3037; x_wconf 88' lang='grc' dir='ltr'><strong>λαοί</strong></span> <span class='ocrx_word' id='word_1_260' title='bbox 1690 2984 1790 3055; x_wconf 81' lang='grc' dir='ltr'><strong>τὴν</strong></span> 
     </span>
    </p>
   </div>
   <div class='ocr_carea' id='block_1_35' title="bbox 178 3069 1791 3144">
    <p class='ocr_par' dir='ltr' id='par_1_35' title="bbox 178 3069 1791 3144">
     <span class='ocr_line' id='line_1_35' title="bbox 178 3069 1791 3144; baseline 0.005 -21"><span class='ocrx_word' id='word_1_261' title='bbox 178 3069 344 3135; x_wconf 73' lang='grc' dir='ltr'><strong>δόξαν</strong></span> <span class='ocrx_word' id='word_1_262' title='bbox 373 3070 568 3126; x_wconf 83' lang='grc' dir='ltr'><strong>αὑτοῦ.</strong></span> <span class='ocrx_word' id='word_1_263' title='bbox 595 3071 1016 3143; x_wconf 77' lang='grc' dir='ltr'><strong>Προσκυνὴσατε</strong></span> <span class='ocrx_word' id='word_1_264' title='bbox 1032 3074 1204 3144; x_wconf 81' lang='grc' dir='ltr'><strong>αὑτῷ,</strong></span> <span class='ocrx_word' id='word_1_265' title='bbox 1231 3075 1432 3138; x_wconf 79' lang='grc' dir='ltr'><strong>πάντες</strong></span> <span class='ocrx_word' id='word_1_266' title='bbox 1451 3076 1673 3144; x_wconf 62' lang='grc' dir='ltr'><strong>ἄγγελοι</strong></span> <span class='ocrx_word' id='word_1_267' title='bbox 1695 3077 1791 3131; x_wconf 85' lang='grc' dir='ltr'><strong>αὑ-</strong></span> 
     </span>
    </p>
   </div>
   <div class='ocr_carea' id='block_1_36' title="bbox 1879 482 3477 554">
    <p class='ocr_par' dir='ltr' id='par_1_36' title="bbox 1879 482 3477 554">
     <span class='ocr_line' id='line_1_36' title="bbox 1879 482 3477 554; baseline -0.003 -17"><span class='ocrx_word' id='word_1_268' title='bbox 1879 485 2347 554; x_wconf 83' lang='lat' dir='ltr'><strong>qttcmadmodum</strong></span> <span class='ocrx_word' id='word_1_269' title='bbox 2392 487 2504 542; x_wconf 94' lang='lat' dir='ltr'><strong>duo</strong></span> <span class='ocrx_word' id='word_1_270' title='bbox 2554 485 2917 541; x_wconf 80' lang='lat' dir='ltr'><strong>infensissimi</strong></span> <span class='ocrx_word' id='word_1_271' title='bbox 2943 482 3131 540; x_wconf 89' lang='lat' dir='ltr'><strong>hostes</strong></span> <span class='ocrx_word' id='word_1_272' title='bbox 3167 499 3275 537; x_wconf 82' lang='lat' dir='ltr'><strong>una</strong></span> <span class='ocrx_word' id='word_1_273' title='bbox 3311 483 3477 538; x_wconf 78' lang='lat' dir='ltr'><strong>domo</strong></span> 
     </span>
    </p>
   </div>
   <div class='ocr_carea' id='block_1_37' title="bbox 1877 663 3477 739">
    <p class='ocr_par' dir='ltr' id='par_1_37' title="bbox 1877 663 3477 739">
     <span class='ocr_line' id='line_1_37' title="bbox 1877 663 3477 739; baseline -0.002 -18"><span class='ocrx_word' id='word_1_274' title='bbox 1877 666 2093 726; x_wconf 81' lang='lat' dir='ltr'><strong>viribus</strong></span> <span class='ocrx_word' id='word_1_275' title='bbox 2125 670 2480 739; x_wconf 65' lang='lat' dir='ltr'><strong>praestantior</strong></span> <span class='ocrx_word' id='word_1_276' title='bbox 2509 678 2616 734; x_wconf 91' lang='lat' dir='ltr'><strong>est,</strong></span> <span class='ocrx_word' id='word_1_277' title='bbox 2645 668 2878 724; x_wconf 78' lang='lat' dir='ltr'><strong>victoria</strong></span> <span class='ocrx_word' id='word_1_278' title='bbox 2911 666 3155 738; x_wconf 88' lang='lat' dir='ltr'><strong>potitur;</strong></span> <span class='ocrx_word' id='word_1_279' title='bbox 3197 665 3281 721; x_wconf 91' lang='lat' dir='ltr'><strong>sic</strong></span> <span class='ocrx_word' id='word_1_280' title='bbox 3307 663 3477 720; x_wconf 90' lang='lat' dir='ltr'><strong>etiam</strong></span> 
     </span>
    </p>
   </div>
   <div class='ocr_carea' id='block_1_38' title="bbox 1876 757 3484 831">
    <p class='ocr_par' dir='ltr' id='par_1_38' title="bbox 1876 757 3484 831">
     <span class='ocr_line' id='line_1_38' title="bbox 1876 757 3484 831; baseline -0.004 -19"><span class='ocrx_word' id='word_1_281' title='bbox 1876 760 2057 814; x_wconf 90' lang='lat' dir='ltr'><strong>anima</strong></span> <span class='ocrx_word' id='word_1_282' title='bbox 2116 775 2243 816; x_wconf 91' lang='lat' dir='ltr'><strong>cum</strong></span> <span class='ocrx_word' id='word_1_283' title='bbox 2297 759 2554 831; x_wconf 88' lang='lat' dir='ltr'><strong>corporis</strong></span> <span class='ocrx_word' id='word_1_284' title='bbox 2621 757 2914 814; x_wconf 78' lang='lat' dir='ltr'><strong>aﬂectibus</strong></span> <span class='ocrx_word' id='word_1_285' title='bbox 2967 765 3024 812; x_wconf 85' lang='lat' dir='ltr'><strong>et</strong></span> <span class='ocrx_word' id='word_1_286' title='bbox 3078 757 3326 827; x_wconf 74' lang='lat' dir='ltr'><strong>appetitu</strong></span> <span class='ocrx_word' id='word_1_287' title='bbox 3380 771 3484 825; x_wconf 83' lang='lat' dir='ltr'><strong>pn-</strong></span> 
     </span>
    </p>
   </div>
   <div class='ocr_carea' id='block_1_39' title="bbox 1878 840 3484 919">
    <p class='ocr_par' dir='ltr' id='par_1_39' title="bbox 1878 840 3484 919">
     <span class='ocr_line' id='line_1_39' title="bbox 1878 840 3484 919; baseline -0.004 -21"><span class='ocrx_word' id='word_1_288' title='bbox 1878 861 2051 918; x_wconf 80' lang='lat' dir='ltr'><strong>gnans</strong></span> <span class='ocrx_word' id='word_1_289' title='bbox 2086 847 2486 919; x_wconf 77' lang='lat' dir='ltr'><strong>congreditur;</strong></span> <span class='ocrx_word' id='word_1_290' title='bbox 2537 861 2664 903; x_wconf 87' lang='lat' dir='ltr'><strong>cum</strong></span> <span class='ocrx_word' id='word_1_291' title='bbox 2702 853 2889 918; x_wconf 85' lang='lat' dir='ltr'><strong>autem</strong></span> <span class='ocrx_word' id='word_1_292' title='bbox 2947 845 3121 916; x_wconf 83' lang='lat' dir='ltr'><strong>ipsius</strong></span> <span class='ocrx_word' id='word_1_293' title='bbox 3147 842 3245 898; x_wconf 87' lang='lat' dir='ltr'><strong>Dei</strong></span> <span class='ocrx_word' id='word_1_294' title='bbox 3277 840 3484 898; x_wconf 76' lang='lat' dir='ltr'><strong>auxilio</strong></span> 
     </span>
    </p>
   </div>
   <div class='ocr_carea' id='block_1_40' title="bbox 1879 929 3484 1007">
    <p class='ocr_par' dir='ltr' id='par_1_40' title="bbox 1879 929 3484 1007">
     <span class='ocr_line' id='line_1_40' title="bbox 1879 929 3484 1007; baseline -0.004 -19"><span class='ocrx_word' id='word_1_295' title='bbox 1879 935 2143 990; x_wconf 74' lang='lat' dir='ltr'><strong>destituta</strong></span> <span class='ocrx_word' id='word_1_296' title='bbox 2194 935 2287 1000; x_wconf 87' lang='lat' dir='ltr'><strong>sit,</strong></span> <span class='ocrx_word' id='word_1_297' title='bbox 2337 935 2561 1007; x_wconf 88' lang='lat' dir='ltr'><strong>corpori</strong></span> <span class='ocrx_word' id='word_1_298' title='bbox 2609 931 2944 999; x_wconf 86' lang='lat' dir='ltr'><strong>succumbit,</strong></span> <span class='ocrx_word' id='word_1_299' title='bbox 3004 945 3303 1001; x_wconf 82' lang='lat' dir='ltr'><strong>rerumque</strong></span> <span class='ocrx_word' id='word_1_300' title='bbox 3344 929 3484 985; x_wconf 83' lang='lat' dir='ltr'><strong>ordo</strong></span> 
     </span>
    </p>
   </div>
   <div class='ocr_carea' id='block_1_41' title="bbox 1879 1022 3478 1098">
    <p class='ocr_par' dir='ltr' id='par_1_41' title="bbox 1879 1022 3478 1098">
     <span class='ocr_line' id='line_1_41' title="bbox 1879 1022 3478 1098; baseline -0.004 -17"><span class='ocrx_word' id='word_1_301' title='bbox 1879 1027 2198 1095; x_wconf 87' lang='lat' dir='ltr'><strong>invertitur,</strong></span> <span class='ocrx_word' id='word_1_302' title='bbox 2235 1037 2295 1083; x_wconf 94' lang='lat' dir='ltr'><strong>ut</strong></span> <span class='ocrx_word' id='word_1_303' title='bbox 2341 1043 2464 1098; x_wconf 65' lang='lat' dir='ltr'><strong>quas</strong></span> <span class='ocrx_word' id='word_1_304' title='bbox 2514 1027 2674 1098; x_wconf 87' lang='lat' dir='ltr'><strong>prius</strong></span> <span class='ocrx_word' id='word_1_305' title='bbox 2726 1026 2950 1081; x_wconf 87' lang='lat' dir='ltr'><strong>domina</strong></span> <span class='ocrx_word' id='word_1_306' title='bbox 2980 1022 3397 1093; x_wconf 78' lang='lat' dir='ltr'><strong>eratcorporis,</strong></span> <span class='ocrx_word' id='word_1_307' title='bbox 3427 1033 3478 1077; x_wconf 81' lang='lat' dir='ltr'><strong>e:</strong></span> 
     </span>
    </p>
   </div>
   <div class='ocr_carea' id='block_1_42' title="bbox 1880 1117 3490 1192">
    <p class='ocr_par' dir='ltr' id='par_1_42' title="bbox 1880 1117 3490 1192">
     <span class='ocr_line' id='line_1_42' title="bbox 1880 1117 3490 1192; baseline -0.006 -16"><span class='ocrx_word' id='word_1_308' title='bbox 1880 1122 2172 1192; x_wconf 90' lang='lat' dir='ltr'><strong>imperium</strong></span> <span class='ocrx_word' id='word_1_309' title='bbox 2226 1120 2544 1184; x_wconf 80' lang='lat' dir='ltr'><strong>exercebat.</strong></span> <span class='ocrx_word' id='word_1_310' title='bbox 2578 1119 2633 1174; x_wconf 91' lang='lat' dir='ltr'><strong>in</strong></span> <span class='ocrx_word' id='word_1_311' title='bbox 2689 1129 2979 1191; x_wconf 87' lang='lat' dir='ltr'><strong>posterum</strong></span> <span class='ocrx_word' id='word_1_312' title='bbox 3020 1133 3182 1174; x_wconf 85' lang='lat' dir='ltr'><strong>serva</strong></span> <span class='ocrx_word' id='word_1_313' title='bbox 3244 1117 3490 1172; x_wconf 88' lang='lat' dir='ltr'><strong>etvolu-.</strong></span> 
     </span>
    </p>
   </div>
   <div class='ocr_carea' id='block_1_43' title="bbox 1861 1205 3487 1278">
    <p class='ocr_par' dir='ltr' id='par_1_43' title="bbox 1861 1205 3487 1278">
     <span class='ocr_line' id='line_1_43' title="bbox 1861 1205 3487 1278; baseline -0.004 -14"><span class='ocrx_word' id='word_1_314' title='bbox 1861 1215 2090 1276; x_wconf 79' lang='lat' dir='ltr'><strong>‘ptatum</strong></span> <span class='ocrx_word' id='word_1_315' title='bbox 2139 1208 2475 1278; x_wconf 90' lang='lat' dir='ltr'><strong>mancipium</strong></span> <span class='ocrx_word' id='word_1_316' title='bbox 2522 1207 2665 1264; x_wconf 77' lang='lat' dir='ltr'><strong>facta</strong></span> <span class='ocrx_word' id='word_1_317' title='bbox 2720 1207 2812 1264; x_wconf 87' lang='lat' dir='ltr'><strong>sit.</strong></span> <span class='ocrx_word' id='word_1_318' title='bbox 2858 1205 3066 1262; x_wconf 84' lang='lat' dir='ltr'><strong>Christi</strong></span> <span class='ocrx_word' id='word_1_319' title='bbox 3099 1215 3285 1260; x_wconf 84' lang='lat' dir='ltr'><strong>autent</strong></span> <span class='ocrx_word' id='word_1_320' title='bbox 3316 1218 3487 1273; x_wconf 83' lang='lat' dir='ltr'><strong>gene-</strong></span> 
     </span>
    </p>
   </div>
   <div class='ocr_carea' id='block_1_44' title="bbox 1881 1292 3489 1368">
    <p class='ocr_par' dir='ltr' id='par_1_44' title="bbox 1881 1292 3489 1368">
     <span class='ocr_line' id='line_1_44' title="bbox 1881 1292 3489 1368; baseline -0.009 -10"><span class='ocrx_word' id='word_1_321' title='bbox 1881 1302 2026 1358; x_wconf 87' lang='lat' dir='ltr'><strong>ratio</strong></span> <span class='ocrx_word' id='word_1_322' title='bbox 2052 1310 2109 1357; x_wconf 88' lang='lat' dir='ltr'><strong>et</strong></span> <span class='ocrx_word' id='word_1_323' title='bbox 2131 1301 2254 1356; x_wconf 83' lang='lat' dir='ltr'><strong>Filii</strong></span> <span class='ocrx_word' id='word_1_324' title='bbox 2290 1301 2386 1358; x_wconf 87' lang='lat' dir='ltr'><strong>Dei</strong></span> <span class='ocrx_word' id='word_1_325' title='bbox 2439 1292 2750 1356; x_wconf 78' lang='lat' dir='ltr'><strong>incartta‘tio</strong></span> <span class='ocrx_word' id='word_1_326' title='bbox 2795 1299 2980 1354; x_wconf 82' lang='lat' dir='ltr'><strong>univit</strong></span> <span class='ocrx_word' id='word_1_327' title='bbox 3011 1313 3075 1352; x_wconf 91' lang='lat' dir='ltr'><strong>ea</strong></span> <span class='ocrx_word' id='word_1_328' title='bbox 3104 1313 3228 1368; x_wconf 79' lang='lat' dir='ltr'><strong>qua:</strong></span> <span class='ocrx_word' id='word_1_329' title='bbox 3262 1297 3316 1351; x_wconf 91' lang='lat' dir='ltr'><strong>in</strong></span> <span class='ocrx_word' id='word_1_330' title='bbox 3347 1293 3489 1352; x_wconf 72' lang='lat' dir='ltr'><strong>etrlo</strong></span> 
     </span>
    </p>
   </div>
   <div class='ocr_carea' id='block_1_45' title="bbox 1880 1391 3492 1465">
    <p class='ocr_par' dir='ltr' id='par_1_45' title="bbox 1880 1391 3492 1465">
     <span class='ocr_line' id='line_1_45' title="bbox 1880 1391 3492 1465; baseline -0.006 -13"><span class='ocrx_word' id='word_1_331' title='bbox 1880 1408 1936 1452; x_wconf 89' lang='lat' dir='ltr'><strong>ct</strong></span> <span class='ocrx_word' id='word_1_332' title='bbox 1963 1397 2015 1450; x_wconf 91' lang='lat' dir='ltr'><strong>in</strong></span> <span class='ocrx_word' id='word_1_333' title='bbox 2043 1405 2192 1451; x_wconf 90' lang='lat' dir='ltr'><strong>terra</strong></span> <span class='ocrx_word' id='word_1_334' title='bbox 2223 1405 2377 1450; x_wconf 88' lang='lat' dir='ltr'><strong>sunt.</strong></span> <span class='ocrx_word' id='word_1_335' title='bbox 2409 1393 2605 1465; x_wconf 81' lang='lat' dir='ltr'><strong>Angeli</strong></span> <span class='ocrx_word' id='word_1_336' title='bbox 2633 1393 2818 1464; x_wconf 83' lang='lat' dir='ltr'><strong>itaque</strong></span> <span class='ocrx_word' id='word_1_337' title='bbox 2851 1391 3107 1450; x_wconf 87' lang='lat' dir='ltr'><strong>videntes</strong></span> <span class='ocrx_word' id='word_1_338' title='bbox 3140 1391 3492 1446; x_wconf 81' lang='lat' dir='ltr'><strong>inenarrabi-</strong></span> 
     </span>
    </p>
   </div>
   <div class='ocr_carea' id='block_1_46' title="bbox 1882 1477 3488 1551">
    <p class='ocr_par' dir='ltr' id='par_1_46' title="bbox 1882 1477 3488 1551">
     <span class='ocr_line' id='line_1_46' title="bbox 1882 1477 3488 1551; baseline -0.005 -13"><span class='ocrx_word' id='word_1_339' title='bbox 1882 1484 1990 1539; x_wconf 90' lang='lat' dir='ltr'><strong>lem</strong></span> <span class='ocrx_word' id='word_1_340' title='bbox 2041 1484 2195 1538; x_wconf 91' lang='lat' dir='ltr'><strong>illum</strong></span> <span class='ocrx_word' id='word_1_341' title='bbox 2224 1484 2423 1539; x_wconf 92' lang='lat' dir='ltr'><strong>.Deum</strong></span> <span class='ocrx_word' id='word_1_342' title='bbox 2473 1482 2828 1544; x_wconf 70' lang='lat' dir='ltr'><strong>descensum,</strong></span> <span class='ocrx_word' id='word_1_343' title='bbox 2871 1479 3019 1551; x_wconf 90' lang='lat' dir='ltr'><strong>quod</strong></span> <span class='ocrx_word' id='word_1_344' title='bbox 3067 1478 3284 1534; x_wconf 81' lang='lat' dir='ltr'><strong>scilicet</strong></span> <span class='ocrx_word' id='word_1_345' title='bbox 3315 1479 3362 1532; x_wconf 90' lang='lat' dir='ltr'><strong>is</strong></span> <span class='ocrx_word' id='word_1_346' title='bbox 3389 1477 3488 1547; x_wconf 89' lang='lat' dir='ltr'><strong>qni</strong></span> 
     </span>
    </p>
   </div>
   <div class='ocr_carea' id='block_1_47' title="bbox 1885 1570 3489 1641">
    <p class='ocr_par' dir='ltr' id='par_1_47' title="bbox 1885 1570 3489 1641">
     <span class='ocr_line' id='line_1_47' title="bbox 1885 1570 3489 1641; baseline -0.002 -15"><span class='ocrx_word' id='word_1_347' title='bbox 1885 1572 2032 1626; x_wconf 79' lang='lat' dir='ltr'><strong>Deus</strong></span> <span class='ocrx_word' id='word_1_348' title='bbox 2065 1581 2208 1636; x_wconf 86' lang='lat' dir='ltr'><strong>erat,</strong></span> <span class='ocrx_word' id='word_1_349' title='bbox 2237 1580 2465 1641; x_wconf 85' lang='lat' dir='ltr'><strong>propter</strong></span> <span class='ocrx_word' id='word_1_350' title='bbox 2495 1571 2879 1627; x_wconf 85' lang='lat' dir='ltr'><strong>innatam—sibi</strong></span> <span class='ocrx_word' id='word_1_351' title='bbox 2924 1570 3235 1626; x_wconf 74' lang='lat' dir='ltr'><strong>bonitatem</strong></span> <span class='ocrx_word' id='word_1_352' title='bbox 3258 1584 3489 1627; x_wconf 81' lang='lat' dir='ltr'><strong>carnem</strong></span> 
     </span>
    </p>
   </div>
   <div class='ocr_carea' id='block_1_48' title="bbox 1883 1660 3492 1734">
    <p class='ocr_par' dir='ltr' id='par_1_48' title="bbox 1883 1660 3492 1734">
     <span class='ocr_line' id='line_1_48' title="bbox 1883 1660 3492 1734; baseline -0.002 -16"><span class='ocrx_word' id='word_1_353' title='bbox 1883 1673 2216 1728; x_wconf 85' lang='lat' dir='ltr'><strong>assumeret,</strong></span> <span class='ocrx_word' id='word_1_354' title='bbox 2241 1673 2302 1720; x_wconf 90' lang='lat' dir='ltr'><strong>et</strong></span> <span class='ocrx_word' id='word_1_355' title='bbox 2333 1664 2617 1720; x_wconf 88' lang='lat' dir='ltr'><strong>inimicam</strong></span> <span class='ocrx_word' id='word_1_356' title='bbox 2677 1663 3084 1734; x_wconf 80' lang='lat' dir='ltr'><strong>adversamque</strong></span> <span class='ocrx_word' id='word_1_357' title='bbox 3131 1661 3242 1717; x_wconf 81' lang='lat' dir='ltr'><strong>sibi</strong></span> <span class='ocrx_word' id='word_1_358' title='bbox 3298 1662 3356 1716; x_wconf 90' lang='lat' dir='ltr'><strong>in</strong></span> <span class='ocrx_word' id='word_1_359' title='bbox 3387 1660 3492 1715; x_wconf 91' lang='lat' dir='ltr'><strong>ho-</strong></span> 
     </span>
    </p>
   </div>
   <div class='ocr_carea' id='block_1_49' title="bbox 583 1753 1786 1853">
    <p class='ocr_par' dir='ltr' id='par_1_49' title="bbox 583 1753 1777 1853">
     <span class='ocr_line' id='line_1_49' title="bbox 583 1753 1777 1853; baseline -0.007 -13"><span class='ocrx_word' id='word_1_360' title='bbox 583 1787 665 1840; x_wconf 72' lang='grc' dir='ltr'><strong>ὅτι</strong></span> <span class='ocrx_word' id='word_1_361' title='bbox 710 1753 854 1849; x_wconf 49' lang='grc' dir='ltr'><strong>’έεδς</strong></span> <span class='ocrx_word' id='word_1_362' title='bbox 901 1753 990 1837; x_wconf 47' lang='grc' dir='ltr'><strong>ὢν,</strong></span> <span class='ocrx_word' id='word_1_363' title='bbox 1025 1782 1187 1837; x_wconf 74' lang='grc' dir='ltr'><strong>ἔλαϐε</strong></span> <span class='ocrx_word' id='word_1_364' title='bbox 1231 1753 1531 1853; x_wconf 34' lang='grc' dir='ltr'><strong>σάρκαυδυ</strong></span> <span class='ocrx_word' id='word_1_365' title='bbox 1563 1753 1777 1833; x_wconf 76' lang='grc' dir='ltr'><strong>οἰκείαν</strong></span> 
     </span>
    </p>
   </div>
   <div class='ocr_carea' id='block_1_50' title="bbox 1890 1753 3489 1853">
    <p class='ocr_par' dir='ltr' id='par_1_50' title="bbox 1890 1753 3489 1827">
     <span class='ocr_line' id='line_1_50' title="bbox 1890 1753 3489 1827; baseline -0.003 -17"><span class='ocrx_word' id='word_1_366' title='bbox 1890 1758 2030 1811; x_wconf 87' lang='lat' dir='ltr'><strong>mine</strong></span> <span class='ocrx_word' id='word_1_367' title='bbox 2088 1755 2429 1814; x_wconf 85' lang='lat' dir='ltr'><strong>habitantem</strong></span> <span class='ocrx_word' id='word_1_368' title='bbox 2487 1765 2745 1812; x_wconf 84' lang='lat' dir='ltr'><strong>naturam</strong></span> <span class='ocrx_word' id='word_1_369' title='bbox 2800 1764 3170 1827; x_wconf 86' lang='lat' dir='ltr'><strong>assumptam,</strong></span> <span class='ocrx_word' id='word_1_370' title='bbox 3200 1753 3303 1809; x_wconf 88' lang='lat' dir='ltr'><strong>sibi</strong></span> <span class='ocrx_word' id='word_1_371' title='bbox 3362 1769 3489 1810; x_wconf 87' lang='lat' dir='ltr'><strong>cum</strong></span> 
     </span>
    </p>
   </div>
   <div class='ocr_carea' id='block_1_51' title="bbox 1880 1846 3490 1915">
    <p class='ocr_par' dir='ltr' id='par_1_51' title="bbox 1880 1846 3490 1915">
     <span class='ocr_line' id='line_1_51' title="bbox 1880 1846 3490 1915; baseline -0.001 -12"><span class='ocrx_word' id='word_1_372' title='bbox 1880 1848 2174 1904; x_wconf 76' lang='lat' dir='ltr'><strong>divinitate</strong></span> <span class='ocrx_word' id='word_1_373' title='bbox 2233 1850 2441 1915; x_wconf 89' lang='lat' dir='ltr'><strong>uniret,</strong></span> <span class='ocrx_word' id='word_1_374' title='bbox 2488 1850 2868 1906; x_wconf 74' lang='lat' dir='ltr'><strong>sanctiﬁcaret</strong></span> <span class='ocrx_word' id='word_1_375' title='bbox 2910 1858 2967 1905; x_wconf 89' lang='lat' dir='ltr'><strong>et</strong></span> <span class='ocrx_word' id='word_1_376' title='bbox 3019 1849 3320 1915; x_wconf 71' lang='lat' dir='ltr'><strong>exultaret;</strong></span> <span class='ocrx_word' id='word_1_377' title='bbox 3362 1846 3490 1915; x_wconf 79' lang='lat' dir='ltr'><strong>hoc,</strong></span> 
     </span>
    </p>
   </div>
   <div class='ocr_carea' id='block_1_52' title="bbox 1883 1934 3494 2029">
    <p class='ocr_par' dir='ltr' id='par_1_52' title="bbox 1883 1934 3494 2029">
     <span class='ocr_line' id='line_1_52' title="bbox 1883 1934 3494 2029; baseline -0.002 -37"><span class='ocrx_word' id='word_1_378' title='bbox 1883 1934 2135 2007; x_wconf 86' lang='lat' dir='ltr'><strong>inquam,</strong></span> <span class='ocrx_word' id='word_1_379' title='bbox 2157 1939 2410 1999; x_wconf 81' lang='lat' dir='ltr'><strong>videntes</strong></span> <span class='ocrx_word' id='word_1_380' title='bbox 2448 1939 2654 2010; x_wconf 86' lang='lat' dir='ltr'><strong>angeli,</strong></span> <span class='ocrx_word' id='word_1_381' title='bbox 2694 1937 2976 2029; x_wconf 65' lang='lat' dir='ltr'><strong>stupet-d0</strong></span> <span class='ocrx_word' id='word_1_382' title='bbox 3001 1938 3112 1995; x_wconf 89' lang='lat' dir='ltr'><strong>hoc</strong></span> <span class='ocrx_word' id='word_1_383' title='bbox 3142 1936 3411 1994; x_wconf 77' lang='lat' dir='ltr'><strong>miraculo</strong></span> <span class='ocrx_word' id='word_1_384' title='bbox 3437 1944 3494 1991; x_wconf 75' lang='lat' dir='ltr'><strong>et</strong></span> 
     </span>
    </p>
   </div>
   <div class='ocr_carea' id='block_1_53' title="bbox 1881 2041 3495 2114">
    <p class='ocr_par' dir='ltr' id='par_1_53' title="bbox 1881 2041 3495 2114">
     <span class='ocr_line' id='line_1_53' title="bbox 1881 2041 3495 2114; baseline -0.002 -17"><span class='ocrx_word' id='word_1_385' title='bbox 1881 2056 2102 2097; x_wconf 87' lang='lat' dir='ltr'><strong>omnem</strong></span> <span class='ocrx_word' id='word_1_386' title='bbox 2131 2051 2392 2098; x_wconf 86' lang='lat' dir='ltr'><strong>naturam</strong></span> <span class='ocrx_word' id='word_1_387' title='bbox 2423 2056 2830 2114; x_wconf 79' lang='lat' dir='ltr'><strong>exsuperante,</strong></span> <span class='ocrx_word' id='word_1_388' title='bbox 2869 2044 2937 2101; x_wconf 84' lang='lat' dir='ltr'><strong>in.</strong></span> <span class='ocrx_word' id='word_1_389' title='bbox 2966 2041 3400 2100; x_wconf 77' lang='lat' dir='ltr'><strong>admirationem</strong></span> <span class='ocrx_word' id='word_1_390' title='bbox 3436 2049 3495 2096; x_wconf 88' lang='lat' dir='ltr'><strong>ct</strong></span> 
     </span>
    </p>
   </div>
   <div class='ocr_carea' id='block_1_54' title="bbox 1884 2142 3495 2218">
    <p class='ocr_par' dir='ltr' id='par_1_54' title="bbox 1884 2142 3495 2218">
     <span class='ocr_line' id='line_1_54' title="bbox 1884 2142 3495 2218; baseline 0.001 -21"><span class='ocrx_word' id='word_1_391' title='bbox 1884 2153 2176 2212; x_wconf 89' lang='lat' dir='ltr'><strong>stuporem</strong></span> <span class='ocrx_word' id='word_1_392' title='bbox 2254 2144 2436 2216; x_wconf 85' lang='lat' dir='ltr'><strong>rapti,</strong></span> <span class='ocrx_word' id='word_1_393' title='bbox 2487 2145 2948 2218; x_wconf 66' lang='lat' dir='ltr'><strong>exclamaverunt</strong></span> <span class='ocrx_word' id='word_1_394' title='bbox 3005 2145 3074 2201; x_wconf 85' lang='lat' dir='ltr'><strong>ad</strong></span> <span class='ocrx_word' id='word_1_395' title='bbox 3147 2143 3246 2201; x_wconf 88' lang='lat' dir='ltr'><strong>Dei</strong></span> <span class='ocrx_word' id='word_1_396' title='bbox 3295 2142 3495 2201; x_wconf 83' lang='lat' dir='ltr'><strong>laudes</strong></span> 
     </span>
    </p>
   </div>
   <div class='ocr_carea' id='block_1_55' title="bbox 1883 2235 3490 2304">
    <p class='ocr_par' dir='ltr' id='par_1_55' title="bbox 1883 2235 3490 2304">
     <span class='ocr_line' id='line_1_55' title="bbox 1883 2235 3490 2304; baseline 0.001 -15"><span class='ocrx_word' id='word_1_397' title='bbox 1883 2235 2264 2304; x_wconf 85' lang='lat' dir='ltr'><strong>celebrandas,</strong></span> <span class='ocrx_word' id='word_1_398' title='bbox 2289 2247 2347 2293; x_wconf 89' lang='lat' dir='ltr'><strong>et</strong></span> <span class='ocrx_word' id='word_1_399' title='bbox 2367 2237 2633 2295; x_wconf 71' lang='lat' dir='ltr'><strong>dixerunt</strong></span> <span class='ocrx_word' id='word_1_400' title='bbox 2659 2256 2673 2294; x_wconf 91' lang='lat'><strong>:</strong></span> <span class='ocrx_word' id='word_1_401' title='bbox 2702 2256 2720 2291; x_wconf 84' lang='lat' dir='ltr'><strong>t</strong></span> <span class='ocrx_word' id='word_1_402' title='bbox 2749 2237 2934 2294; x_wconf 85' lang='lat' dir='ltr'><strong>Gloria</strong></span> <span class='ocrx_word' id='word_1_403' title='bbox 2967 2237 3020 2294; x_wconf 90' lang='lat' dir='ltr'><strong>in</strong></span> <span class='ocrx_word' id='word_1_404' title='bbox 3040 2236 3275 2295; x_wconf 68' lang='lat' dir='ltr'><strong>excelsis</strong></span> <span class='ocrx_word' id='word_1_405' title='bbox 3299 2236 3434 2293; x_wconf 84' lang='lat' dir='ltr'><strong>Deo.</strong></span> <span class='ocrx_word' id='word_1_406' title='bbox 3471 2257 3490 2289; x_wconf 72' lang='grc' dir='ltr'><strong>ι</strong></span> 
     </span>
    </p>
   </div>
   <div class='ocr_carea' id='block_1_56' title="bbox 1886 2329 3493 2406">
    <p class='ocr_par' dir='ltr' id='par_1_56' title="bbox 1886 2329 3493 2406">
     <span class='ocr_line' id='line_1_56' title="bbox 1886 2329 3493 2406; baseline 0 -20"><span class='ocrx_word' id='word_1_407' title='bbox 1886 2329 2150 2387; x_wconf 82' lang='lat' dir='ltr'><strong>Videntes</strong></span> <span class='ocrx_word' id='word_1_408' title='bbox 2171 2330 2338 2387; x_wconf 89' lang='lat' dir='ltr'><strong>etiam</strong></span> <span class='ocrx_word' id='word_1_409' title='bbox 2375 2330 2665 2388; x_wconf 87' lang='lat' dir='ltr'><strong>hominum</strong></span> <span class='ocrx_word' id='word_1_410' title='bbox 2714 2346 2842 2391; x_wconf 91' lang='lat' dir='ltr'><strong>cum</strong></span> <span class='ocrx_word' id='word_1_411' title='bbox 2893 2333 3105 2406; x_wconf 89' lang='lat' dir='ltr'><strong>angelis</strong></span> <span class='ocrx_word' id='word_1_412' title='bbox 3132 2331 3493 2391; x_wconf 87' lang='lat' dir='ltr'><strong>concordiam</strong></span> 
     </span>
    </p>
   </div>
   <div class='ocr_carea' id='block_1_57' title="bbox 1883 2427 3496 2498">
    <p class='ocr_par' dir='ltr' id='par_1_57' title="bbox 1883 2427 3496 2498">
     <span class='ocr_line' id='line_1_57' title="bbox 1883 2427 3496 2498; baseline 0.001 -17"><span class='ocrx_word' id='word_1_413' title='bbox 1883 2428 1995 2498; x_wconf 87' lang='lat' dir='ltr'><strong>jam</strong></span> <span class='ocrx_word' id='word_1_414' title='bbox 2025 2427 2430 2494; x_wconf 79' lang='lat' dir='ltr'><strong>conﬁrmatam,</strong></span> <span class='ocrx_word' id='word_1_415' title='bbox 2466 2438 2524 2485; x_wconf 89' lang='lat' dir='ltr'><strong>et</strong></span> <span class='ocrx_word' id='word_1_416' title='bbox 2562 2429 2841 2486; x_wconf 84' lang='lat' dir='ltr'><strong>sublatam</strong></span> <span class='ocrx_word' id='word_1_417' title='bbox 2885 2441 3009 2487; x_wconf 87' lang='lat' dir='ltr'><strong>esse</strong></span> <span class='ocrx_word' id='word_1_418' title='bbox 3035 2429 3310 2485; x_wconf 90' lang='lat' dir='ltr'><strong>diutinam</strong></span> <span class='ocrx_word' id='word_1_419' title='bbox 3344 2427 3496 2486; x_wconf 82' lang='lat' dir='ltr'><strong>illam</strong></span> 
     </span>
    </p>
   </div>
   <div class='ocr_carea' id='block_1_58' title="bbox 1890 2520 3507 2598">
    <p class='ocr_par' dir='ltr' id='par_1_58' title="bbox 1890 2520 3507 2598">
     <span class='ocr_line' id='line_1_58' title="bbox 1890 2520 3507 2598; baseline 0.001 -22"><span class='ocrx_word' id='word_1_420' title='bbox 1890 2522 2266 2589; x_wconf 85' lang='lat' dir='ltr'><strong>inimicitiam,</strong></span> <span class='ocrx_word' id='word_1_421' title='bbox 2297 2522 2584 2587; x_wconf 80' lang='lat' dir='ltr'><strong>dixerunt,</strong></span> <span class='ocrx_word' id='word_1_422' title='bbox 2616 2541 2633 2574; x_wconf 83' lang='lat' dir='ltr'><strong>t</strong></span> <span class='ocrx_word' id='word_1_423' title='bbox 2666 2521 2726 2580; x_wconf 85' lang='lat' dir='ltr'><strong>in</strong></span> <span class='ocrx_word' id='word_1_424' title='bbox 2753 2531 2898 2578; x_wconf 88' lang='lat' dir='ltr'><strong>terra</strong></span> <span class='ocrx_word' id='word_1_425' title='bbox 2925 2538 3054 2594; x_wconf 78' lang='lat' dir='ltr'><strong>pax,</strong></span> <span class='ocrx_word' id='word_1_426' title='bbox 3088 2533 3146 2579; x_wconf 89' lang='lat' dir='ltr'><strong>et</strong></span> <span class='ocrx_word' id='word_1_427' title='bbox 3174 2520 3507 2598; x_wconf 71' lang='lat' dir='ltr'><strong>hpntinibus</strong></span> 
     </span>
    </p>
   </div>
   <div class='ocr_carea' id='block_1_59' title="bbox 1891 2611 3500 2684">
    <p class='ocr_par' dir='ltr' id='par_1_59' title="bbox 1891 2611 3500 2684">
     <span class='ocr_line' id='line_1_59' title="bbox 1891 2611 3500 2684; baseline 0.001 -18"><span class='ocrx_word' id='word_1_428' title='bbox 1891 2611 2036 2667; x_wconf 89' lang='lat' dir='ltr'><strong>bona</strong></span> <span class='ocrx_word' id='word_1_429' title='bbox 2083 2612 2361 2668; x_wconf 86' lang='lat' dir='ltr'><strong>voluntas.</strong></span> <span class='ocrx_word' id='word_1_430' title='bbox 2395 2632 2415 2666; x_wconf 73' lang='grc' dir='ltr'><strong>ι</strong></span> <span class='ocrx_word' id='word_1_431' title='bbox 2448 2612 2607 2671; x_wconf 88' lang='lat' dir='ltr'><strong>Unde</strong></span> <span class='ocrx_word' id='word_1_432' title='bbox 2676 2613 2967 2684; x_wconf 89' lang='lat' dir='ltr'><strong>impletum</strong></span> <span class='ocrx_word' id='word_1_433' title='bbox 3017 2622 3104 2668; x_wconf 80' lang='lat' dir='ltr'><strong>est</strong></span> <span class='ocrx_word' id='word_1_434' title='bbox 3151 2611 3286 2671; x_wconf 89' lang='lat' dir='ltr'><strong>illud</strong></span> <span class='ocrx_word' id='word_1_435' title='bbox 3341 2612 3500 2668; x_wconf 83' lang='lat' dir='ltr'><strong>Davi-</strong></span> 
     </span>
    </p>
   </div>
   <div class='ocr_carea' id='block_1_60' title="bbox 1892 2704 3500 2773">
    <p class='ocr_par' dir='ltr' id='par_1_60' title="bbox 1892 2704 3500 2773">
     <span class='ocr_line' id='line_1_60' title="bbox 1892 2704 3500 2773; baseline 0.002 -15"><span class='ocrx_word' id='word_1_436' title='bbox 1892 2704 1981 2759; x_wconf 88' lang='lat' dir='ltr'><strong>dis</strong></span> <span class='ocrx_word' id='word_1_437' title='bbox 2011 2706 2324 2769; x_wconf 85' lang='lat' dir='ltr'><strong>oraculum,</strong></span> <span class='ocrx_word' id='word_1_438' title='bbox 2347 2705 2543 2762; x_wconf 90' lang='lat' dir='ltr'><strong>dicens</strong></span> <span class='ocrx_word' id='word_1_439' title='bbox 2575 2722 2590 2760; x_wconf 89' lang='lat'><strong>:</strong></span> <span class='ocrx_word' id='word_1_440' title='bbox 2621 2725 2640 2758; x_wconf 82' lang='grc' dir='ltr'><strong>ι</strong></span> <span class='ocrx_word' id='word_1_441' title='bbox 2679 2705 2965 2762; x_wconf 60' lang='lat' dir='ltr'><strong>Lit-tentur</strong></span> <span class='ocrx_word' id='word_1_442' title='bbox 2990 2707 3142 2773; x_wconf 71' lang='lat' dir='ltr'><strong>caeli,</strong></span> <span class='ocrx_word' id='word_1_443' title='bbox 3170 2716 3228 2763; x_wconf 90' lang='lat' dir='ltr'><strong>et</strong></span> <span class='ocrx_word' id='word_1_444' title='bbox 3259 2705 3500 2763; x_wconf 83' lang='lat' dir='ltr'><strong>exsultet</strong></span> 
     </span>
    </p>
   </div>
   <div class='ocr_carea' id='block_1_61' title="bbox 1893 2783 3501 2870">
    <p class='ocr_par' dir='ltr' id='par_1_61' title="bbox 1893 2783 3501 2870">
     <span class='ocr_line' id='line_1_61' title="bbox 1893 2783 3501 2870; baseline 0.003 -22"><span class='ocrx_word' id='word_1_445' title='bbox 1893 2804 2060 2849; x_wconf 89' lang='lat' dir='ltr'><strong>terra.</strong></span> <span class='ocrx_word' id='word_1_446' title='bbox 2083 2794 2577 2851; x_wconf 78' lang='lat' dir='ltr'><strong>Annuntiaverunt</strong></span> <span class='ocrx_word' id='word_1_447' title='bbox 2617 2795 2746 2852; x_wconf 68' lang='lat' dir='ltr'><strong>caeli</strong></span> <span class='ocrx_word' id='word_1_448' title='bbox 2772 2783 3050 2870; x_wconf 80' lang='lat' dir='ltr'><strong>justitiam</strong></span> <span class='ocrx_word' id='word_1_449' title='bbox 3081 2797 3223 2870; x_wconf 85' lang='lat' dir='ltr'><strong>ejus,</strong></span> <span class='ocrx_word' id='word_1_450' title='bbox 3259 2806 3316 2853; x_wconf 91' lang='lat' dir='ltr'><strong>et</strong></span> <span class='ocrx_word' id='word_1_451' title='bbox 3347 2797 3501 2853; x_wconf 86' lang='lat' dir='ltr'><strong>vide-</strong></span> 
     </span>
    </p>
   </div>
   <div class='ocr_carea' id='block_1_62' title="bbox 1895 2885 3495 2960">
    <p class='ocr_par' dir='ltr' id='par_1_62' title="bbox 1895 2885 3495 2960">
     <span class='ocr_line' id='line_1_62' title="bbox 1895 2885 3495 2960; baseline 0.001 -20"><span class='ocrx_word' id='word_1_452' title='bbox 1895 2895 2023 2940; x_wconf 92' lang='lat' dir='ltr'><strong>runt</strong></span> <span class='ocrx_word' id='word_1_453' title='bbox 2061 2900 2255 2942; x_wconf 74' lang='lat' dir='ltr'><strong>omnes</strong></span> <span class='ocrx_word' id='word_1_454' title='bbox 2316 2885 2505 2959; x_wconf 88' lang='lat' dir='ltr'><strong>populi</strong></span> <span class='ocrx_word' id='word_1_455' title='bbox 2537 2886 2767 2956; x_wconf 90' lang='lat' dir='ltr'><strong>gloriam</strong></span> <span class='ocrx_word' id='word_1_456' title='bbox 2832 2889 3047 2960; x_wconf 82' lang='lat' dir='ltr'><strong>ipsius;</strong></span> <span class='ocrx_word' id='word_1_457' title='bbox 3084 2888 3312 2945; x_wconf 87' lang='lat' dir='ltr'><strong>adorate</strong></span> <span class='ocrx_word' id='word_1_458' title='bbox 3339 2904 3495 2951; x_wconf 86' lang='lat' dir='ltr'><strong>eum,</strong></span> 
     </span>
    </p>
   </div>
   <div class='ocr_carea' id='block_1_63' title="bbox 1895 2976 3500 3051">
    <p class='ocr_par' dir='ltr' id='par_1_63' title="bbox 1895 2976 3500 3051">
     <span class='ocr_line' id='line_1_63' title="bbox 1895 2976 3500 3051; baseline 0.003 -21"><span class='ocrx_word' id='word_1_459' title='bbox 1895 2991 2089 3032; x_wconf 88' lang='lat' dir='ltr'><strong>omnes</strong></span> <span class='ocrx_word' id='word_1_460' title='bbox 2136 2976 2315 3047; x_wconf 85' lang='lat' dir='ltr'><strong>angeli</strong></span> <span class='ocrx_word' id='word_1_461' title='bbox 2350 2977 2491 3048; x_wconf 82' lang='lat' dir='ltr'><strong>ejus.</strong></span> <span class='ocrx_word' id='word_1_462' title='bbox 2542 2976 2756 3035; x_wconf 74' lang='lat' dir='ltr'><strong>Montes</strong></span> <span class='ocrx_word' id='word_1_463' title='bbox 2785 2978 3092 3051; x_wconf 70' lang='lat' dir='ltr'><strong>tripudiant</strong></span> <span class='ocrx_word' id='word_1_464' title='bbox 3138 2994 3168 3035; x_wconf 90' lang='lat' dir='ltr'><strong>a</strong></span> <span class='ocrx_word' id='word_1_465' title='bbox 3198 2988 3500 3051; x_wconf 87' lang='lat' dir='ltr'><strong>conspectu</strong></span> 
     </span>
    </p>
   </div>
   <div class='ocr_carea' id='block_1_64' title="bbox 1897 3068 3501 3160">
    <p class='ocr_par' dir='ltr' id='par_1_64' title="bbox 1897 3068 3501 3160">
     <span class='ocr_line' id='line_1_64' title="bbox 1897 3068 3501 3160; baseline 0.002 -37"><span class='ocrx_word' id='word_1_466' title='bbox 1897 3068 2419 3140; x_wconf 89' lang='lat' dir='ltr'><strong>Domini,quoniam</strong></span> <span class='ocrx_word' id='word_1_467' title='bbox 2452 3073 2624 3137; x_wconf 81' lang='lat' dir='ltr'><strong>venit,</strong></span> <span class='ocrx_word' id='word_1_468' title='bbox 2657 3073 2922 3142; x_wconf 74' lang='lat' dir='ltr'><strong>quoniam</strong></span> <span class='ocrx_word' id='word_1_469' title='bbox 2955 3071 3108 3127; x_wconf 87' lang='lat' dir='ltr'><strong>venit</strong></span> <span class='ocrx_word' id='word_1_470' title='bbox 3147 3070 3214 3127; x_wconf 85' lang='lat' dir='ltr'><strong>ad</strong></span> <span class='ocrx_word' id='word_1_471' title='bbox 3247 3072 3501 3160; x_wconf 79' lang='lat' dir='ltr'><strong>judican-</strong></span> 
     </span>
    </p>
   </div>
   <div class='ocr_carea' id='block_1_65' title="bbox 178 3159 1786 3237">
    <p class='ocr_par' dir='ltr' id='par_1_65' title="bbox 178 3164 1782 3237">
     <span class='ocr_line' id='line_1_65' title="bbox 178 3164 1782 3237; baseline 0.006 -23"><span class='ocrx_word' id='word_1_472' title='bbox 178 3164 278 3216; x_wconf 77' lang='grc' dir='ltr'><strong>τοῦ</strong></span> <span class='ocrx_word' id='word_1_473' title='bbox 317 3204 331 3226; x_wconf 91' lang='grc'><strong>,</strong></span> <span class='ocrx_word' id='word_1_474' title='bbox 377 3165 443 3216; x_wconf 71' lang='grc' dir='ltr'><strong>τὰ</strong></span> <span class='ocrx_word' id='word_1_475' title='bbox 499 3164 601 3234; x_wconf 72' lang='grc' dir='ltr'><strong>ὅρη</strong></span> <span class='ocrx_word' id='word_1_476' title='bbox 660 3165 1087 3233; x_wconf 80' lang='grc' dir='ltr'><strong>ἁγαλλιάσονται</strong></span> <span class='ocrx_word' id='word_1_477' title='bbox 1133 3168 1244 3220; x_wconf 55' lang='lat' dir='ltr'><strong>dub</strong></span> <span class='ocrx_word' id='word_1_478' title='bbox 1307 3169 1605 3237; x_wconf 79' lang='grc' dir='ltr'><strong>προσώπου</strong></span> <span class='ocrx_word' id='word_1_479' title='bbox 1663 3173 1782 3226; x_wconf 81' lang='grc' dir='ltr'><strong>Κυ-</strong></span> 
     </span>
    </p>
   </div>
   <div class='ocr_carea' id='block_1_66' title="bbox 1890 3159 3496 3237">
    <p class='ocr_par' dir='ltr' id='par_1_66' title="bbox 1890 3159 3496 3236">
     <span class='ocr_line' id='line_1_66' title="bbox 1890 3159 3496 3236; baseline 0.002 -21"><span class='ocrx_word' id='word_1_480' title='bbox 1890 3161 2020 3215; x_wconf 83' lang='grc' dir='ltr'><strong>ιίιιιιι</strong></span> <span class='ocrx_word' id='word_1_481' title='bbox 2051 3172 2274 3217; x_wconf 88' lang='lat' dir='ltr'><strong>terram.</strong></span> <span class='ocrx_word' id='word_1_482' title='bbox 2300 3161 2589 3218; x_wconf 83' lang='lat' dir='ltr'><strong>Judicabit</strong></span> <span class='ocrx_word' id='word_1_483' title='bbox 2619 3173 2824 3219; x_wconf 87' lang='lat' dir='ltr'><strong>terram</strong></span> <span class='ocrx_word' id='word_1_484' title='bbox 2857 3164 2912 3218; x_wconf 94' lang='lat' dir='ltr'><strong>in</strong></span> <span class='ocrx_word' id='word_1_485' title='bbox 2951 3164 3192 3236; x_wconf 77' lang='lat' dir='ltr'><strong>iustitia,</strong></span> <span class='ocrx_word' id='word_1_486' title='bbox 3230 3171 3286 3219; x_wconf 90' lang='lat' dir='ltr'><strong>et</strong></span> <span class='ocrx_word' id='word_1_487' title='bbox 3314 3159 3496 3235; x_wconf 86' lang='lat' dir='ltr'><strong>popu-</strong></span> 
     </span>
    </p>
   </div>
   <div class='ocr_carea' id='block_1_67' title="bbox 184 3258 1781 3341">
    <p class='ocr_par' dir='ltr' id='par_1_67' title="bbox 184 3258 1781 3341">
     <span class='ocr_line' id='line_1_67' title="bbox 184 3258 1781 3341; baseline 0.004 -30"><span class='ocrx_word' id='word_1_488' title='bbox 184 3258 311 3326; x_wconf 76' lang='grc' dir='ltr'><strong>ρίου</strong></span> <span class='ocrx_word' id='word_1_489' title='bbox 339 3297 353 3320; x_wconf 93' lang='grc'><strong>,</strong></span> <span class='ocrx_word' id='word_1_490' title='bbox 401 3260 484 3310; x_wconf 76' lang='grc' dir='ltr'><strong>ὅτι</strong></span> <span class='ocrx_word' id='word_1_491' title='bbox 537 3259 761 3327; x_wconf 80' lang='grc' dir='ltr'><strong>ἔρχεται</strong></span> <span class='ocrx_word' id='word_1_492' title='bbox 788 3296 805 3322; x_wconf 90' lang='grc'><strong>,</strong></span> <span class='ocrx_word' id='word_1_493' title='bbox 868 3259 952 3312; x_wconf 86' lang='grc' dir='ltr'><strong>ὃτι</strong></span> <span class='ocrx_word' id='word_1_494' title='bbox 997 3261 1223 3330; x_wconf 76' lang='grc' dir='ltr'><strong>ιρχεται</strong></span> <span class='ocrx_word' id='word_1_495' title='bbox 1290 3264 1475 3341; x_wconf 77' lang='grc' dir='ltr'><strong>κρῖναι</strong></span> <span class='ocrx_word' id='word_1_496' title='bbox 1516 3263 1618 3334; x_wconf 85' lang='grc' dir='ltr'><strong>τὴν</strong></span> <span class='ocrx_word' id='word_1_497' title='bbox 1655 3264 1781 3333; x_wconf 66' lang='grc' dir='ltr'><strong>γῆν*</strong></span> 
     </span>
    </p>
   </div>
   <div class='ocr_carea' id='block_1_68' title="bbox 180 3351 1786 3426">
    <p class='ocr_par' dir='ltr' id='par_1_68' title="bbox 180 3351 1786 3426">
     <span class='ocr_line' id='line_1_68' title="bbox 180 3351 1786 3426; baseline 0.004 -24"><span class='ocrx_word' id='word_1_498' title='bbox 180 3353 373 3417; x_wconf 77' lang='grc' dir='ltr'><strong>κρινεῖ</strong></span> <span class='ocrx_word' id='word_1_499' title='bbox 406 3351 506 3421; x_wconf 79' lang='grc' dir='ltr'><strong>την</strong></span> <span class='ocrx_word' id='word_1_500' title='bbox 537 3353 872 3421; x_wconf 70' lang='grc' dir='ltr'><strong>οἰκουμένην</strong></span> <span class='ocrx_word' id='word_1_501' title='bbox 916 3353 978 3406; x_wconf 71' lang='grc' dir='ltr'><strong>εν</strong></span> <span class='ocrx_word' id='word_1_502' title='bbox 1008 3352 1354 3426; x_wconf 75' lang='grc' dir='ltr'><strong>δικαιοσύνῃ,</strong></span> <span class='ocrx_word' id='word_1_503' title='bbox 1384 3355 1482 3407; x_wconf 76' lang='grc' dir='ltr'><strong>καὶ</strong></span> <span class='ocrx_word' id='word_1_504' title='bbox 1523 3356 1689 3417; x_wconf 81' lang='grc' dir='ltr'><strong>λαοὺς</strong></span> <span class='ocrx_word' id='word_1_505' title='bbox 1725 3356 1786 3408; x_wconf 70' lang='grc' dir='ltr'><strong>ιν</strong></span> 
     </span>
    </p>
   </div>
   <div class='ocr_carea' id='block_1_69' title="bbox 181 3441 1790 3524">
    <p class='ocr_par' dir='ltr' id='par_1_69' title="bbox 181 3441 1790 3524">
     <span class='ocr_line' id='line_1_69' title="bbox 181 3441 1790 3524; baseline 0.003 -31"><span class='ocrx_word' id='word_1_506' title='bbox 181 3441 469 3512; x_wconf 74' lang='grc' dir='ltr'><strong>εὐθύτητι.</strong></span> <span class='ocrx_word' id='word_1_507' title='bbox 522 3461 542 3493; x_wconf 79' lang='lat' dir='ltr'><strong>r</strong></span> <span class='ocrx_word' id='word_1_508' title='bbox 576 3442 797 3495; x_wconf 67' lang='grc' dir='ltr'><strong>Ἔκόπει</strong></span> <span class='ocrx_word' id='word_1_509' title='bbox 851 3443 1180 3512; x_wconf 81' lang='grc' dir='ltr'><strong>συμφωνίαν</strong></span> <span class='ocrx_word' id='word_1_510' title='bbox 1219 3445 1519 3524; x_wconf 72' lang='grc' dir='ltr'><strong>προφητῶν</strong></span> <span class='ocrx_word' id='word_1_511' title='bbox 1553 3444 1648 3498; x_wconf 80' lang='grc' dir='ltr'><strong>καὶ</strong></span> <span class='ocrx_word' id='word_1_512' title='bbox 1689 3447 1790 3514; x_wconf 77' lang='grc' dir='ltr'><strong>ἀγ-</strong></span> 
     </span>
    </p>
   </div>
   <div class='ocr_carea' id='block_1_70' title="bbox 183 3531 1864 3620">
    <p class='ocr_par' dir='ltr' id='par_1_70' title="bbox 183 3531 1864 3620">
     <span class='ocr_line' id='line_1_70' title="bbox 183 3531 1864 3620; baseline 0.007 -39"><span class='ocrx_word' id='word_1_513' title='bbox 183 3533 389 3599; x_wconf 56' lang='grc' dir='ltr'><strong>ξαλων.</strong></span> <span class='ocrx_word' id='word_1_514' title='bbox 423 3533 638 3603; x_wconf 81' lang='grc' dir='ltr'><strong>Ὠσπερ</strong></span> <span class='ocrx_word' id='word_1_515' title='bbox 663 3550 713 3586; x_wconf 84' lang='grc' dir='ltr'><strong>τι</strong></span> <span class='ocrx_word' id='word_1_516' title='bbox 744 3533 906 3602; x_wconf 76' lang='grc' dir='ltr'><strong>μέλος</strong></span> <span class='ocrx_word' id='word_1_517' title='bbox 937 3534 1199 3604; x_wconf 75' lang='grc' dir='ltr'><strong>μουσικὸν</strong></span> <span class='ocrx_word' id='word_1_518' title='bbox 1231 3536 1556 3606; x_wconf 69' lang='grc' dir='ltr'><strong>ἐναρμόνιον</strong></span> <span class='ocrx_word' id='word_1_519' title='bbox 1587 3531 1741 3590; x_wconf 77' lang='grc' dir='ltr'><strong>εἶπεν</strong></span> <span class='ocrx_word' id='word_1_520' title='bbox 1761 3538 1790 3591; x_wconf 84' lang='grc' dir='ltr'><strong>ὁ</strong></span> <span class='ocrx_word' id='word_1_521' title='bbox 1833 3594 1864 3620; x_wconf 58' lang='lat'><em>.</em></span> 
     </span>
    </p>
   </div>
   <div class='ocr_carea' id='block_1_71' title="bbox 188 3625 1790 3698">
    <p class='ocr_par' dir='ltr' id='par_1_71' title="bbox 188 3625 1790 3698">
     <span class='ocr_line' id='line_1_71' title="bbox 188 3625 1790 3698; baseline 0.002 -20"><span class='ocrx_word' id='word_1_522' title='bbox 188 3626 519 3695; x_wconf 70' lang='grc' dir='ltr'><strong>Προφήτης,</strong></span> <span class='ocrx_word' id='word_1_523' title='bbox 559 3644 578 3676; x_wconf 85' lang='grc' dir='ltr'><strong>ι</strong></span> <span class='ocrx_word' id='word_1_524' title='bbox 615 3625 1109 3694; x_wconf 73' lang='grc' dir='ltr'><strong>Εὑφραινίσθωσαν</strong></span> <span class='ocrx_word' id='word_1_525' title='bbox 1135 3628 1184 3680; x_wconf 89' lang='grc' dir='ltr'><strong>οἰ</strong></span> <span class='ocrx_word' id='word_1_526' title='bbox 1200 3628 1432 3698; x_wconf 80' lang='grc' dir='ltr'><strong>ὀὐρανοί</strong></span> <span class='ocrx_word' id='word_1_527' title='bbox 1456 3644 1469 3657; x_wconf 92' lang='grc'><strong>·</strong></span> <span class='ocrx_word' id='word_1_528' title='bbox 1506 3647 1524 3680; x_wconf 79' lang='lat' dir='ltr'><strong>r</strong></span> <span class='ocrx_word' id='word_1_529' title='bbox 1557 3625 1711 3683; x_wconf 77' lang='grc' dir='ltr'><strong>εἷπον</strong></span> <span class='ocrx_word' id='word_1_530' title='bbox 1740 3631 1790 3684; x_wconf 89' lang='grc' dir='ltr'><strong>οἰ</strong></span> 
     </span>
    </p>
   </div>
   <div class='ocr_carea' id='block_1_72' title="bbox 179 3717 1789 3795">
    <p class='ocr_par' dir='ltr' id='par_1_72' title="bbox 179 3717 1789 3795">
     <span class='ocr_line' id='line_1_72' title="bbox 179 3717 1789 3795; baseline 0.002 -23"><span class='ocrx_word' id='word_1_531' title='bbox 179 3719 438 3788; x_wconf 75' lang='grc' dir='ltr'><strong>ἄγγελοι,</strong></span> <span class='ocrx_word' id='word_1_532' title='bbox 476 3738 494 3772; x_wconf 83' lang='lat' dir='ltr'><strong>t</strong></span> <span class='ocrx_word' id='word_1_533' title='bbox 527 3721 664 3784; x_wconf 76' lang='grc' dir='ltr'><strong>Δόξα</strong></span> <span class='ocrx_word' id='word_1_534' title='bbox 688 3721 744 3773; x_wconf 73' lang='grc' dir='ltr'><strong>εν</strong></span> <span class='ocrx_word' id='word_1_535' title='bbox 762 3719 1004 3790; x_wconf 65' lang='grc' dir='ltr'><strong>ὑψίστοις</strong></span> <span class='ocrx_word' id='word_1_536' title='bbox 1022 3719 1161 3790; x_wconf 75' lang='grc' dir='ltr'><strong>Θεῷ.</strong></span> <span class='ocrx_word' id='word_1_537' title='bbox 1192 3739 1212 3772; x_wconf 74' lang='grc' dir='ltr'><strong>ι</strong></span> <span class='ocrx_word' id='word_1_538' title='bbox 1240 3717 1407 3777; x_wconf 79' lang='grc' dir='ltr'><strong>Εἶπεν</strong></span> <span class='ocrx_word' id='word_1_539' title='bbox 1424 3723 1454 3775; x_wconf 83' lang='grc' dir='ltr'>ὀ</span> <span class='ocrx_word' id='word_1_540' title='bbox 1471 3724 1789 3795; x_wconf 75' lang='grc' dir='ltr'><strong>Προφήτης,</strong></span> 
     </span>
    </p>
   </div>
   <div class='ocr_carea' id='block_1_73' title="bbox 180 3804 1792 3883">
    <p class='ocr_par' dir='ltr' id='par_1_73' title="bbox 180 3804 1792 3883">
     <span class='ocr_line' id='line_1_73' title="bbox 180 3804 1792 3883; baseline 0.004 -20"><span class='ocrx_word' id='word_1_541' title='bbox 180 3832 207 3863; x_wconf 64' lang='grc' dir='ltr'><strong>τ</strong></span> <span class='ocrx_word' id='word_1_542' title='bbox 242 3814 360 3866; x_wconf 70' lang='grc' dir='ltr'><strong>Καὶ</strong></span> <span class='ocrx_word' id='word_1_543' title='bbox 391 3812 785 3883; x_wconf 80' lang='grc' dir='ltr'><strong>ἀγαλλιάσοωη</strong></span> <span class='ocrx_word' id='word_1_544' title='bbox 817 3804 910 3883; x_wconf 73' lang='grc' dir='ltr'><strong>γῆ·</strong></span> <span class='ocrx_word' id='word_1_545' title='bbox 945 3832 964 3865; x_wconf 72' lang='grc' dir='ltr'><strong>ι</strong></span> <span class='ocrx_word' id='word_1_546' title='bbox 996 3810 1152 3868; x_wconf 77' lang='grc' dir='ltr'><strong>εἷπον</strong></span> <span class='ocrx_word' id='word_1_547' title='bbox 1180 3814 1229 3867; x_wconf 87' lang='grc' dir='ltr'><strong>οἰ</strong></span> <span class='ocrx_word' id='word_1_548' title='bbox 1252 3814 1497 3883; x_wconf 79' lang='grc' dir='ltr'><strong>ἄγγελοι,</strong></span> <span class='ocrx_word' id='word_1_549' title='bbox 1528 3834 1546 3868; x_wconf 80' lang='lat' dir='ltr'><strong>t</strong></span> <span class='ocrx_word' id='word_1_550' title='bbox 1569 3816 1792 3870; x_wconf 74' lang='grc' dir='ltr'><strong>Καὶὲπὶ</strong></span> 
     </span>
    </p>
   </div>
   <div class='ocr_carea' id='block_1_74' title="bbox 182 3903 1794 3980">
    <p class='ocr_par' dir='ltr' id='par_1_74' title="bbox 182 3903 1794 3980">
     <span class='ocr_line' id='line_1_74' title="bbox 182 3903 1794 3980; baseline -0.007 -7"><span class='ocrx_word' id='word_1_551' title='bbox 182 3904 291 3972; x_wconf 78' lang='grc' dir='ltr'><strong>γῆς</strong></span> <span class='ocrx_word' id='word_1_552' title='bbox 313 3905 526 3975; x_wconf 76' lang='grc' dir='ltr'><strong>εἰρήνη,</strong></span> <span class='ocrx_word' id='word_1_553' title='bbox 545 3906 604 3957; x_wconf 76' lang='grc' dir='ltr'><strong>εν</strong></span> <span class='ocrx_word' id='word_1_554' title='bbox 625 3903 935 3976; x_wconf 78' lang='grc' dir='ltr'><strong>ἀνθρώποις</strong></span> <span class='ocrx_word' id='word_1_555' title='bbox 968 3905 1205 3960; x_wconf 65' lang='grc' dir='ltr'><strong>εὑδοὶιία.</strong></span> <span class='ocrx_word' id='word_1_556' title='bbox 1237 3923 1256 3958; x_wconf 80' lang='lat' dir='ltr'><strong>r</strong></span> <span class='ocrx_word' id='word_1_557' title='bbox 1292 3906 1518 3978; x_wconf 85' lang='grc' dir='ltr'><strong>Ὅμοιον</strong></span> <span class='ocrx_word' id='word_1_558' title='bbox 1534 3908 1590 3961; x_wconf 79' lang='grc' dir='ltr'><strong>δὲ</strong></span> <span class='ocrx_word' id='word_1_559' title='bbox 1620 3908 1794 3980; x_wconf 80' lang='grc' dir='ltr'><strong>τούτῳ</strong></span> 
     </span>
    </p>
   </div>
   <div class='ocr_carea' id='block_1_75' title="bbox 181 3995 1794 4072">
    <p class='ocr_par' dir='ltr' id='par_1_75' title="bbox 181 3995 1794 4072">
     <span class='ocr_line' id='line_1_75' title="bbox 181 3995 1794 4072; baseline 0.006 -26"><span class='ocrx_word' id='word_1_560' title='bbox 181 3997 308 4047; x_wconf 70' lang='grc' dir='ltr'><strong>ἐστὶ</strong></span> <span class='ocrx_word' id='word_1_561' title='bbox 343 3995 423 4060; x_wconf 77' lang='grc' dir='ltr'><strong>τὸ,</strong></span> <span class='ocrx_word' id='word_1_562' title='bbox 454 4014 473 4047; x_wconf 79' lang='grc' dir='ltr'><strong>ι</strong></span> <span class='ocrx_word' id='word_1_563' title='bbox 497 3995 852 4066; x_wconf 78' lang='grc' dir='ltr'><strong>’Λνήγγειλαν</strong></span> <span class='ocrx_word' id='word_1_564' title='bbox 879 4000 927 4052; x_wconf 88' lang='grc' dir='ltr'><strong>οἰ</strong></span> <span class='ocrx_word' id='word_1_565' title='bbox 949 3999 1170 4068; x_wconf 76' lang='grc' dir='ltr'><strong>οὐρανοὶ</strong></span> <span class='ocrx_word' id='word_1_566' title='bbox 1193 3999 1294 4069; x_wconf 82' lang='grc' dir='ltr'><strong>τὴν</strong></span> <span class='ocrx_word' id='word_1_567' title='bbox 1317 3999 1670 4072; x_wconf 81' lang='grc' dir='ltr'><strong>δικαιοσύνην</strong></span> <span class='ocrx_word' id='word_1_568' title='bbox 1693 4002 1794 4055; x_wconf 90' lang='grc' dir='ltr'><strong>αὑ-</strong></span> 
     </span>
    </p>
   </div>
   <div class='ocr_carea' id='block_1_76' title="bbox 181 4087 1790 4162">
    <p class='ocr_par' dir='ltr' id='par_1_76' title="bbox 181 4087 1790 4162">
     <span class='ocr_line' id='line_1_76' title="bbox 181 4087 1790 4162; baseline 0.004 -23"><span class='ocrx_word' id='word_1_569' title='bbox 181 4087 309 4152; x_wconf 67' lang='grc' dir='ltr'><strong>τοό,</strong></span> <span class='ocrx_word' id='word_1_570' title='bbox 361 4091 452 4140; x_wconf 80' lang='grc' dir='ltr'><strong>καὶ</strong></span> <span class='ocrx_word' id='word_1_571' title='bbox 488 4088 707 4141; x_wconf 80' lang='grc' dir='ltr'><strong>εἰδοσαν</strong></span> <span class='ocrx_word' id='word_1_572' title='bbox 761 4089 966 4152; x_wconf 78' lang='grc' dir='ltr'><strong>πάντες</strong></span> <span class='ocrx_word' id='word_1_573' title='bbox 1003 4093 1050 4144; x_wconf 86' lang='grc' dir='ltr'><strong>οἰ</strong></span> <span class='ocrx_word' id='word_1_574' title='bbox 1083 4092 1330 4162; x_wconf 74' lang='grc' dir='ltr'><strong>λαοὶ.τὴν</strong></span> <span class='ocrx_word' id='word_1_575' title='bbox 1354 4091 1513 4157; x_wconf 76' lang='grc' dir='ltr'><strong>δόξαν</strong></span> <span class='ocrx_word' id='word_1_576' title='bbox 1546 4094 1733 4146; x_wconf 85' lang='grc' dir='ltr'><strong>αὑτοῦ.</strong></span> <span class='ocrx_word' id='word_1_577' title='bbox 1771 4111 1790 4145; x_wconf 75' lang='grc' dir='ltr'><strong>ι</strong></span> 
     </span>
    </p>
   </div>
   <div class='ocr_carea' id='block_1_77' title="bbox 185 4179 1794 4255">
    <p class='ocr_par' dir='ltr' id='par_1_77' title="bbox 185 4179 1794 4255">
     <span class='ocr_line' id='line_1_77' title="bbox 185 4179 1794 4255; baseline 0.002 -23"><span class='ocrx_word' id='word_1_578' title='bbox 185 4181 307 4232; x_wconf 72' lang='grc' dir='ltr'><strong>Καὶ</strong></span> <span class='ocrx_word' id='word_1_579' title='bbox 352 4181 378 4228; x_wconf 79' lang='grc' dir='ltr'>ὁ</span> <span class='ocrx_word' id='word_1_580' title='bbox 425 4181 525 4248; x_wconf 79' lang='grc' dir='ltr'><strong>μὲν</strong></span> <span class='ocrx_word' id='word_1_581' title='bbox 576 4179 814 4251; x_wconf 79' lang='grc' dir='ltr'><strong>Μωῦσῆς</strong></span> <span class='ocrx_word' id='word_1_582' title='bbox 860 4179 1038 4245; x_wconf 76' lang='grc' dir='ltr'><strong>εἶπεν,</strong></span> <span class='ocrx_word' id='word_1_583' title='bbox 1079 4203 1099 4235; x_wconf 78' lang='grc' dir='ltr'><strong>ι</strong></span> <span class='ocrx_word' id='word_1_584' title='bbox 1140 4183 1520 4254; x_wconf 67' lang='grc' dir='ltr'><strong>Εὐφράνθητε,</strong></span> <span class='ocrx_word' id='word_1_585' title='bbox 1547 4187 1794 4255; x_wconf 72' lang='grc' dir='ltr'><strong>οὐρανοὶ,</strong></span> 
     </span>
    </p>
   </div>
   <div class='ocr_carea' id='block_1_78' title="bbox 183 4265 1797 4345">
    <p class='ocr_par' dir='ltr' id='par_1_78' title="bbox 183 4265 1797 4345">
     <span class='ocr_line' id='line_1_78' title="bbox 183 4265 1797 4345; baseline 0.004 -21"><span class='ocrx_word' id='word_1_586' title='bbox 183 4272 312 4340; x_wconf 67' lang='grc' dir='ltr'><strong>ἅμα</strong></span> <span class='ocrx_word' id='word_1_587' title='bbox 343 4272 511 4340; x_wconf 76' lang='grc' dir='ltr'><strong>αὑτῷ,</strong></span> <span class='ocrx_word' id='word_1_588' title='bbox 541 4274 964 4343; x_wconf 78' lang='grc' dir='ltr'><strong>προσκυνήσατε</strong></span> <span class='ocrx_word' id='word_1_589' title='bbox 994 4275 1162 4344; x_wconf 82' lang='grc' dir='ltr'><strong>αὐτῷ,</strong></span> <span class='ocrx_word' id='word_1_590' title='bbox 1211 4265 1412 4339; x_wconf 79' lang='grc' dir='ltr'><strong>πάντές</strong></span> <span class='ocrx_word' id='word_1_591' title='bbox 1445 4278 1669 4345; x_wconf 75' lang='grc' dir='ltr'><strong>ἄγγελοι</strong></span> <span class='ocrx_word' id='word_1_592' title='bbox 1695 4278 1797 4331; x_wconf 75' lang='grc' dir='ltr'><strong>αὑ-</strong></span> 
     </span>
    </p>
   </div>
   <div class='ocr_carea' id='block_1_79' title="bbox 183 4361 1795 4440">
    <p class='ocr_par' dir='ltr' id='par_1_79' title="bbox 183 4361 1795 4440">
     <span class='ocr_line' id='line_1_79' title="bbox 183 4361 1795 4440; baseline 0.016 -31"><span class='ocrx_word' id='word_1_593' title='bbox 183 4361 286 4414; x_wconf 74' lang='grc' dir='ltr'><strong>τοῦ</strong></span> <span class='ocrx_word' id='word_1_594' title='bbox 316 4377 329 4388; x_wconf 90' lang='grc'><strong>·</strong></span> <span class='ocrx_word' id='word_1_595' title='bbox 363 4380 379 4410; x_wconf 74' lang='grc' dir='ltr'><strong>ι</strong></span> <span class='ocrx_word' id='word_1_596' title='bbox 419 4365 446 4415; x_wconf 79' lang='grc' dir='ltr'><strong>ὸ</strong></span> <span class='ocrx_word' id='word_1_597' title='bbox 493 4363 552 4416; x_wconf 72' lang='grc' dir='ltr'><strong>δὲ</strong></span> <span class='ocrx_word' id='word_1_598' title='bbox 607 4365 772 4416; x_wconf 72' lang='grc' dir='ltr'><strong>Δαίῖίδ</strong></span> <span class='ocrx_word' id='word_1_599' title='bbox 801 4365 1025 4430; x_wconf 81' lang='grc' dir='ltr'><strong>οὑτωσὶ,</strong></span> <span class='ocrx_word' id='word_1_600' title='bbox 1077 4385 1095 4418; x_wconf 83' lang='grc' dir='ltr'><strong>ε</strong></span> <span class='ocrx_word' id='word_1_601' title='bbox 1149 4367 1573 4438; x_wconf 59' lang='grc' dir='ltr'><strong>Προσκυνήσάτε</strong></span> <span class='ocrx_word' id='word_1_602' title='bbox 1623 4369 1795 4440; x_wconf 78' lang='grc' dir='ltr'><strong>αὑτῷο</strong></span> 
     </span>
    </p>
   </div>
   <div class='ocr_carea' id='block_1_80' title="bbox 187 4455 1798 4528">
    <p class='ocr_par' dir='ltr' id='par_1_80' title="bbox 187 4455 1798 4528">
     <span class='ocr_line' id='line_1_80' title="bbox 187 4455 1798 4528; baseline 0.004 -23"><span class='ocrx_word' id='word_1_603' title='bbox 187 4457 398 4516; x_wconf 72' lang='grc' dir='ltr'><strong>πάντες</strong></span> <span class='ocrx_word' id='word_1_604' title='bbox 423 4455 648 4522; x_wconf 77' lang='grc' dir='ltr'><strong>ἄγγελοι</strong></span> <span class='ocrx_word' id='word_1_605' title='bbox 671 4456 863 4522; x_wconf 81' lang='grc' dir='ltr'><strong>αὑτοῦ,</strong></span> <span class='ocrx_word' id='word_1_606' title='bbox 884 4472 906 4509; x_wconf 79' lang='grc' dir='ltr'><strong>ε</strong></span> <span class='ocrx_word' id='word_1_607' title='bbox 934 4459 1130 4521; x_wconf 76' lang='grc' dir='ltr'><strong>οἵτινες</strong></span> <span class='ocrx_word' id='word_1_608' title='bbox 1153 4457 1584 4526; x_wconf 81' lang='grc' dir='ltr'><strong>προσκυνοῦντες</strong></span> <span class='ocrx_word' id='word_1_609' title='bbox 1610 4459 1798 4528; x_wconf 80' lang='grc' dir='ltr'><strong>ἔλεγον</strong></span> 
     </span>
    </p>
   </div>
   <div class='ocr_carea' id='block_1_81' title="bbox 182 4547 1800 4620">
    <p class='ocr_par' dir='ltr' id='par_1_81' title="bbox 182 4547 1800 4620">
     <span class='ocr_line' id='line_1_81' title="bbox 182 4547 1800 4620; baseline 0.004 -22"><span class='ocrx_word' id='word_1_610' title='bbox 182 4549 272 4611; x_wconf 79' lang='grc' dir='ltr'><strong>τὸ,</strong></span> <span class='ocrx_word' id='word_1_611' title='bbox 308 4547 487 4612; x_wconf 65' lang='grc' dir='ltr'><strong>»Δόξα</strong></span> <span class='ocrx_word' id='word_1_612' title='bbox 502 4550 561 4600; x_wconf 80' lang='grc' dir='ltr'><strong>ὲν</strong></span> <span class='ocrx_word' id='word_1_613' title='bbox 585 4548 828 4617; x_wconf 69' lang='grc' dir='ltr'><strong>ὑψίστοις</strong></span> <span class='ocrx_word' id='word_1_614' title='bbox 860 4550 996 4620; x_wconf 84' lang='grc' dir='ltr'><strong>Θεῷ.</strong></span> <span class='ocrx_word' id='word_1_615' title='bbox 1025 4569 1042 4600; x_wconf 84' lang='lat' dir='ltr'><strong>r</strong></span> <span class='ocrx_word' id='word_1_616' title='bbox 1062 4549 1127 4603; x_wconf 86' lang='grc' dir='ltr'><strong>Τί</strong></span> <span class='ocrx_word' id='word_1_617' title='bbox 1149 4551 1400 4619; x_wconf 82' lang='grc' dir='ltr'><strong>βούλεται</strong></span> <span class='ocrx_word' id='word_1_618' title='bbox 1433 4551 1463 4603; x_wconf 84' lang='grc' dir='ltr'><strong>ό</strong></span> <span class='ocrx_word' id='word_1_619' title='bbox 1499 4552 1800 4606; x_wconf 80' lang='grc' dir='ltr'><strong>ὰναδιπλα-</strong></span> 
     </span>
    </p>
   </div>
   <div class='ocr_carea' id='block_1_82' title="bbox 184 4641 1799 4718">
    <p class='ocr_par' dir='ltr' id='par_1_82' title="bbox 184 4641 1799 4718">
     <span class='ocr_line' id='line_1_82' title="bbox 184 4641 1799 4718; baseline 0.004 -26"><span class='ocrx_word' id='word_1_620' title='bbox 184 4641 457 4705; x_wconf 72' lang='grc' dir='ltr'><strong>σεισμὸς,</strong></span> <span class='ocrx_word' id='word_1_621' title='bbox 487 4641 569 4701; x_wconf 78' lang='grc' dir='ltr'><strong>τὸ,</strong></span> <span class='ocrx_word' id='word_1_622' title='bbox 607 4659 625 4692; x_wconf 83' lang='lat' dir='ltr'><strong>t</strong></span> <span class='ocrx_word' id='word_1_623' title='bbox 661 4642 785 4696; x_wconf 82' lang='grc' dir='ltr'><strong>Ὀτι</strong></span> <span class='ocrx_word' id='word_1_624' title='bbox 823 4642 1067 4712; x_wconf 72' lang='grc' dir='ltr'><strong>ερχεται,</strong></span> <span class='ocrx_word' id='word_1_625' title='bbox 1105 4647 1188 4697; x_wconf 83' lang='grc' dir='ltr'><strong>ὅτι</strong></span> <span class='ocrx_word' id='word_1_626' title='bbox 1215 4645 1431 4713; x_wconf 82' lang='grc' dir='ltr'><strong>ἔρχεται</strong></span> <span class='ocrx_word' id='word_1_627' title='bbox 1465 4647 1647 4712; x_wconf 80' lang='grc' dir='ltr'><strong>κρίναι</strong></span> <span class='ocrx_word' id='word_1_628' title='bbox 1697 4646 1799 4718; x_wconf 78' lang='grc' dir='ltr'><strong>τὴν</strong></span> 
     </span>
    </p>
   </div>
   <div class='ocr_carea' id='block_1_83' title="bbox 183 4733 1796 4806">
    <p class='ocr_par' dir='ltr' id='par_1_83' title="bbox 183 4733 1796 4806">
     <span class='ocr_line' id='line_1_83' title="bbox 183 4733 1796 4806; baseline 0.005 -23"><span class='ocrx_word' id='word_1_629' title='bbox 183 4736 302 4801; x_wconf 78' lang='grc' dir='ltr'><strong>γῆν</strong></span> <span class='ocrx_word' id='word_1_630' title='bbox 334 4749 348 4796; x_wconf 86' lang='grc'>;</span> <span class='ocrx_word' id='word_1_631' title='bbox 381 4751 397 4782; x_wconf 74' lang='grc' dir='ltr'><strong>ι</strong></span> <span class='ocrx_word' id='word_1_632' title='bbox 428 4733 598 4786; x_wconf 77' lang='grc' dir='ltr'><strong>υὺδὲν</strong></span> <span class='ocrx_word' id='word_1_633' title='bbox 623 4733 750 4788; x_wconf 77' lang='grc' dir='ltr'><strong>ἄλλο</strong></span> <span class='ocrx_word' id='word_1_634' title='bbox 781 4733 912 4805; x_wconf 69' lang='grc' dir='ltr'><strong>ηὸτι</strong></span> <span class='ocrx_word' id='word_1_635' title='bbox 941 4736 1002 4788; x_wconf 77' lang='grc' dir='ltr'><strong>τὸ</strong></span> <span class='ocrx_word' id='word_1_636' title='bbox 1040 4737 1140 4805; x_wconf 71' lang='grc' dir='ltr'><strong>μὲν</strong></span> <span class='ocrx_word' id='word_1_637' title='bbox 1173 4737 1393 4806; x_wconf 83' lang='grc' dir='ltr'><strong>πρῶτον</strong></span> <span class='ocrx_word' id='word_1_638' title='bbox 1422 4741 1599 4792; x_wconf 78' lang='grc' dir='ltr'><strong>εἰπεῖν</strong></span> <span class='ocrx_word' id='word_1_639' title='bbox 1622 4737 1796 4801; x_wconf 82' lang='grc' dir='ltr'><strong>οὕτως</strong></span> 
     </span>
    </p>
   </div>
   <div class='ocr_carea' id='block_1_84' title="bbox 188 4826 1796 4899">
    <p class='ocr_par' dir='ltr' id='par_1_84' title="bbox 188 4826 1796 4899">
     <span class='ocr_line' id='line_1_84' title="bbox 188 4826 1796 4899; baseline 0.002 -20"><span class='ocrx_word' id='word_1_640' title='bbox 188 4826 587 4888; x_wconf 77' lang='grc' dir='ltr'><strong>ἁπλῶς,‹”οτι</strong></span> <span class='ocrx_word' id='word_1_641' title='bbox 637 4828 877 4898; x_wconf 76' lang='grc' dir='ltr'><strong>ερχεται,</strong></span> <span class='ocrx_word' id='word_1_642' title='bbox 908 4847 928 4880; x_wconf 81' lang='lat' dir='ltr'><strong>r</strong></span> <span class='ocrx_word' id='word_1_643' title='bbox 965 4829 1202 4899; x_wconf 71' lang='grc' dir='ltr'><strong>ἐδήλωσε</strong></span> <span class='ocrx_word' id='word_1_644' title='bbox 1222 4829 1323 4899; x_wconf 75' lang='grc' dir='ltr'><strong>τὴν</strong></span> <span class='ocrx_word' id='word_1_645' title='bbox 1354 4832 1436 4893; x_wconf 87' lang='grc' dir='ltr'><strong>εἰς</strong></span> <span class='ocrx_word' id='word_1_646' title='bbox 1475 4831 1566 4885; x_wconf 81' lang='grc' dir='ltr'><strong>τὸν</strong></span> <span class='ocrx_word' id='word_1_647' title='bbox 1590 4831 1796 4899; x_wconf 79' lang='grc' dir='ltr'><strong>κόσμον</strong></span> 
     </span>
    </p>
   </div>
   <div class='ocr_carea' id='block_1_85' title="bbox 201 4919 1781 4994">
    <p class='ocr_par' dir='ltr' id='par_1_85' title="bbox 201 4919 1781 4994">
     <span class='ocr_line' id='line_1_85' title="bbox 201 4919 1781 4994; baseline 0.003 -25"><span class='ocrx_word' id='word_1_648' title='bbox 201 4921 291 4971; x_wconf 75' lang='grc' dir='ltr'><strong>,οῦ</strong></span> <span class='ocrx_word' id='word_1_649' title='bbox 333 4919 579 4990; x_wconf 62' lang='grc' dir='ltr'><strong>Σωτῆρος</strong></span> <span class='ocrx_word' id='word_1_650' title='bbox 611 4921 847 4986; x_wconf 76' lang='grc' dir='ltr'><strong>ιλευσιν,</strong></span> <span class='ocrx_word' id='word_1_651' title='bbox 877 4923 1001 4992; x_wconf 82' lang='grc' dir='ltr'><strong>ἦτις</strong></span> <span class='ocrx_word' id='word_1_652' title='bbox 1034 4925 1136 4976; x_wconf 82' lang='grc' dir='ltr'><strong>οὑκ</strong></span> <span class='ocrx_word' id='word_1_653' title='bbox 1162 4919 1230 4994; x_wconf 78' lang='grc' dir='ltr'><strong>ἢν</strong></span> <span class='ocrx_word' id='word_1_654' title='bbox 1261 4923 1398 4992; x_wconf 70' lang='grc' dir='ltr'><strong>μετὰ</strong></span> <span class='ocrx_word' id='word_1_655' title='bbox 1436 4925 1533 4991; x_wconf 78' lang='grc' dir='ltr'><strong>τῆς</strong></span> <span class='ocrx_word' id='word_1_656' title='bbox 1568 4925 1781 4985; x_wconf 84' lang='grc' dir='ltr'><strong>οἰκείας</strong></span> 
     </span>
    </p>
   </div>
   <div class='ocr_carea' id='block_1_86' title="bbox 186 5009 1793 5082">
    <p class='ocr_par' dir='ltr' id='par_1_86' title="bbox 186 5009 1793 5082">
     <span class='ocr_line' id='line_1_86' title="bbox 186 5009 1793 5082; baseline 0.001 -22"><span class='ocrx_word' id='word_1_657' title='bbox 186 5009 386 5072; x_wconf 78' lang='grc' dir='ltr'><strong>ἀξίας,</strong></span> <span class='ocrx_word' id='word_1_658' title='bbox 424 5009 524 5059; x_wconf 78' lang='grc' dir='ltr'><strong>ἀλλ</strong></span> <span class='ocrx_word' id='word_1_659' title='bbox 555 5012 614 5061; x_wconf 71' lang='grc' dir='ltr'><strong>ἐν</strong></span> <span class='ocrx_word' id='word_1_660' title='bbox 644 5009 977 5064; x_wconf 84' lang='grc' dir='ltr'><strong>εὐτελείκαί</strong></span> <span class='ocrx_word' id='word_1_661' title='bbox 1005 5012 1249 5082; x_wconf 80' lang='grc' dir='ltr'><strong>ταπεινῷ</strong></span> <span class='ocrx_word' id='word_1_662' title='bbox 1279 5010 1356 5079; x_wconf 81' lang='grc' dir='ltr'><strong>τῷ</strong></span> <span class='ocrx_word' id='word_1_663' title='bbox 1386 5012 1652 5079; x_wconf 82' lang='grc' dir='ltr'><strong>σχήματι.</strong></span> <span class='ocrx_word' id='word_1_664' title='bbox 1683 5011 1793 5064; x_wconf 68' lang='grc' dir='ltr'><strong>και</strong></span> 
     </span>
    </p>
   </div>
   <div class='ocr_carea' id='block_1_87' title="bbox 185 5098 1792 5171">
    <p class='ocr_par' dir='ltr' id='par_1_87' title="bbox 185 5098 1792 5171">
     <span class='ocr_line' id='line_1_87' title="bbox 185 5098 1792 5171; baseline 0.001 -19"><span class='ocrx_word' id='word_1_665' title='bbox 185 5101 491 5168; x_wconf 71' lang='grc' dir='ltr'><strong>συμφωνεῖ</strong></span> <span class='ocrx_word' id='word_1_666' title='bbox 522 5100 600 5168; x_wconf 78' lang='grc' dir='ltr'><strong>τῷ</strong></span> <span class='ocrx_word' id='word_1_667' title='bbox 631 5101 821 5171; x_wconf 83' lang='grc' dir='ltr'><strong>Κυρίῳ</strong></span> <span class='ocrx_word' id='word_1_668' title='bbox 862 5101 1103 5171; x_wconf 80' lang='grc' dir='ltr'><strong>λέγοντι,</strong></span> <span class='ocrx_word' id='word_1_669' title='bbox 1150 5123 1168 5155; x_wconf 85' lang='grc' dir='ltr'><strong>ι</strong></span> <span class='ocrx_word' id='word_1_670' title='bbox 1213 5102 1357 5170; x_wconf 84' lang='grc' dir='ltr'><strong>Ἐγὼ</strong></span> <span class='ocrx_word' id='word_1_671' title='bbox 1387 5103 1488 5155; x_wconf 69' lang='grc' dir='ltr'><strong>οὐκ</strong></span> <span class='ocrx_word' id='word_1_672' title='bbox 1514 5098 1678 5171; x_wconf 75' lang='grc' dir='ltr'><strong>ἦλθον</strong></span> <span class='ocrx_word' id='word_1_673' title='bbox 1705 5102 1792 5154; x_wconf 85' lang='grc' dir='ltr'><strong>ἴνα</strong></span> 
     </span>
    </p>
   </div>
   <div class='ocr_carea' id='block_1_88' title="bbox 184 5192 1791 5264">
    <p class='ocr_par' dir='ltr' id='par_1_88' title="bbox 184 5192 1791 5264">
     <span class='ocr_line' id='line_1_88' title="bbox 184 5192 1791 5264; baseline -0.001 -18"><span class='ocrx_word' id='word_1_674' title='bbox 184 5193 375 5263; x_wconf 77' lang='grc' dir='ltr'><strong>κρίνω</strong></span> <span class='ocrx_word' id='word_1_675' title='bbox 399 5192 490 5244; x_wconf 81' lang='grc' dir='ltr'><strong>τὸν</strong></span> <span class='ocrx_word' id='word_1_676' title='bbox 521 5193 751 5260; x_wconf 76' lang='grc' dir='ltr'><strong>κόσμον,</strong></span> <span class='ocrx_word' id='word_1_677' title='bbox 773 5194 887 5247; x_wconf 75' lang='grc' dir='ltr'><strong>ἀλλ’</strong></span> <span class='ocrx_word' id='word_1_678' title='bbox 918 5196 1004 5248; x_wconf 81' lang='grc' dir='ltr'><strong>ἵνα</strong></span> <span class='ocrx_word' id='word_1_679' title='bbox 1037 5197 1198 5249; x_wconf 83' lang='grc' dir='ltr'><strong>σώσω</strong></span> <span class='ocrx_word' id='word_1_680' title='bbox 1226 5197 1317 5247; x_wconf 74' lang='grc' dir='ltr'><strong>τὸν</strong></span> <span class='ocrx_word' id='word_1_681' title='bbox 1346 5195 1552 5261; x_wconf 78' lang='grc' dir='ltr'><strong>κόσμον</strong></span> <span class='ocrx_word' id='word_1_682' title='bbox 1583 5211 1596 5225; x_wconf 82' lang='grc'><em>’</em></span> <span class='ocrx_word' id='word_1_683' title='bbox 1643 5213 1660 5246; x_wconf 82' lang='grc' dir='ltr'><strong>ι</strong></span> <span class='ocrx_word' id='word_1_684' title='bbox 1703 5193 1791 5264; x_wconf 80' lang='grc' dir='ltr'><strong>Τῷ</strong></span> 
     </span>
    </p>
   </div>
   <div class='ocr_carea' id='block_1_89' title="bbox 179 5285 1792 5357">
    <p class='ocr_par' dir='ltr' id='par_1_89' title="bbox 179 5285 1792 5357">
     <span class='ocr_line' id='line_1_89' title="bbox 179 5285 1792 5357; baseline 0.001 -21"><span class='ocrx_word' id='word_1_685' title='bbox 179 5288 241 5337; x_wconf 80' lang='grc' dir='ltr'><strong>δὲ</strong></span> <span class='ocrx_word' id='word_1_686' title='bbox 277 5285 483 5350; x_wconf 76' lang='grc' dir='ltr'><strong>εἰπεῖν,</strong></span> <span class='ocrx_word' id='word_1_687' title='bbox 504 5304 520 5335; x_wconf 85' lang='grc' dir='ltr'><strong>ι</strong></span> <span class='ocrx_word' id='word_1_688' title='bbox 545 5287 666 5339; x_wconf 86' lang='grc' dir='ltr'><strong>Ὀτι</strong></span> <span class='ocrx_word' id='word_1_689' title='bbox 691 5286 912 5356; x_wconf 68' lang='grc' dir='ltr'><strong>ἔρχεται</strong></span> <span class='ocrx_word' id='word_1_690' title='bbox 945 5289 1124 5357; x_wconf 79' lang='grc' dir='ltr'><strong>κρίναι</strong></span> <span class='ocrx_word' id='word_1_691' title='bbox 1150 5288 1250 5355; x_wconf 71' lang='grc' dir='ltr'><strong>τὴν</strong></span> <span class='ocrx_word' id='word_1_692' title='bbox 1271 5289 1394 5356; x_wconf 56' lang='grc' dir='ltr'><strong>γῆν,</strong></span> <span class='ocrx_word' id='word_1_693' title='bbox 1429 5306 1446 5339; x_wconf 81' lang='lat' dir='ltr'><strong>r</strong></span> <span class='ocrx_word' id='word_1_694' title='bbox 1494 5286 1662 5352; x_wconf 70' lang='grc' dir='ltr'><strong>ἔδειξε</strong></span> <span class='ocrx_word' id='word_1_695' title='bbox 1695 5286 1792 5356; x_wconf 66' lang='grc' dir='ltr'><strong>τὴν</strong></span> 
     </span>
    </p>
   </div>
   <div class='ocr_carea' id='block_1_90' title="bbox 182 5366 1789 5450">
    <p class='ocr_par' dir='ltr' id='par_1_90' title="bbox 182 5366 1789 5450">
     <span class='ocr_line' id='line_1_90' title="bbox 182 5366 1789 5450; baseline 0.001 -19"><span class='ocrx_word' id='word_1_696' title='bbox 182 5383 273 5442; x_wconf 77' lang='grc' dir='ltr'><strong>εἰς</strong></span> <span class='ocrx_word' id='word_1_697' title='bbox 315 5378 411 5430; x_wconf 71' lang='grc' dir='ltr'><strong>τὸν</strong></span> <span class='ocrx_word' id='word_1_698' title='bbox 463 5379 672 5448; x_wconf 79' lang='grc' dir='ltr'><strong>κόσμον</strong></span> <span class='ocrx_word' id='word_1_699' title='bbox 718 5380 978 5450; x_wconf 70' lang='grc' dir='ltr'><strong>δευτέραν</strong></span> <span class='ocrx_word' id='word_1_700' title='bbox 1031 5379 1126 5432; x_wconf 87' lang='grc' dir='ltr'><strong>τοῦ</strong></span> <span class='ocrx_word' id='word_1_701' title='bbox 1177 5381 1419 5450; x_wconf 84' lang='grc' dir='ltr'><strong>Χριστοῦ</strong></span> <span class='ocrx_word' id='word_1_702' title='bbox 1461 5366 1789 5450; x_wconf 75' lang='grc' dir='ltr'><strong>παρουσίαν.</strong></span> 
     </span>
    </p>
   </div>
   <div class='ocr_carea' id='block_1_91' title="bbox 181 5469 1791 5543">
    <p class='ocr_par' dir='ltr' id='par_1_91' title="bbox 181 5469 1791 5543">
     <span class='ocr_line' id='line_1_91' title="bbox 181 5469 1791 5543; baseline 0.002 -22"><span class='ocrx_word' id='word_1_703' title='bbox 181 5469 342 5523; x_wconf 82' lang='grc' dir='ltr'><strong>Τότε</strong></span> <span class='ocrx_word' id='word_1_704' title='bbox 368 5470 459 5522; x_wconf 76' lang='grc' dir='ltr'><strong>καὶ</strong></span> <span class='ocrx_word' id='word_1_705' title='bbox 501 5469 616 5538; x_wconf 80' lang='grc' dir='ltr'><strong>γὰρ</strong></span> <span class='ocrx_word' id='word_1_706' title='bbox 670 5470 859 5543; x_wconf 77' lang='grc' dir='ltr'><strong>μέλλει</strong></span> <span class='ocrx_word' id='word_1_707' title='bbox 892 5473 1076 5540; x_wconf 78' lang='grc' dir='ltr'><strong>κρῖναι</strong></span> <span class='ocrx_word' id='word_1_708' title='bbox 1108 5474 1208 5540; x_wconf 74' lang='grc' dir='ltr'><strong>τὴν</strong></span> <span class='ocrx_word' id='word_1_709' title='bbox 1241 5473 1366 5541; x_wconf 73' lang='grc' dir='ltr'><strong>γῆν.</strong></span> <span class='ocrx_word' id='word_1_710' title='bbox 1402 5474 1694 5541; x_wconf 60' lang='lat' dir='ltr'><strong>Superbus!</strong></span> <span class='ocrx_word' id='word_1_711' title='bbox 1735 5473 1791 5525; x_wconf 68' lang='grc' dir='ltr'><strong>δι</strong></span> 
     </span>
    </p>
   </div>
   <div class='ocr_carea' id='block_1_92' title="bbox 181 5557 1792 5636">
    <p class='ocr_par' dir='ltr' id='par_1_92' title="bbox 181 5557 1792 5636">
     <span class='ocr_line' id='line_1_92' title="bbox 181 5557 1792 5636; baseline 0.001 -23"><span class='ocrx_word' id='word_1_712' title='bbox 181 5559 338 5614; x_wconf 79' lang='grc' dir='ltr'><strong>αὐτὸ</strong></span> <span class='ocrx_word' id='word_1_713' title='bbox 377 5557 455 5628; x_wconf 80' lang='grc' dir='ltr'><strong>τῷ</strong></span> <span class='ocrx_word' id='word_1_714' title='bbox 483 5557 580 5611; x_wconf 88' lang='grc' dir='ltr'><strong>τοῦ</strong></span> <span class='ocrx_word' id='word_1_715' title='bbox 617 5559 826 5627; x_wconf 76' lang='grc' dir='ltr'><strong>Κυρίου</strong></span> <span class='ocrx_word' id='word_1_716' title='bbox 864 5562 1016 5630; x_wconf 72' lang='grc' dir='ltr'><strong>ρητῴ</strong></span> <span class='ocrx_word' id='word_1_717' title='bbox 1054 5563 1292 5630; x_wconf 81' lang='grc' dir='ltr'><strong>λέγοντι,</strong></span> <span class='ocrx_word' id='word_1_718' title='bbox 1334 5580 1352 5613; x_wconf 81' lang='grc' dir='ltr'><strong>ε</strong></span> <span class='ocrx_word' id='word_1_719' title='bbox 1402 5565 1572 5614; x_wconf 80' lang='grc' dir='ltr'><strong>Ὅταν</strong></span> <span class='ocrx_word' id='word_1_720' title='bbox 1604 5563 1735 5636; x_wconf 78' lang='grc' dir='ltr'><strong>ἐλοῃ</strong></span> <span class='ocrx_word' id='word_1_721' title='bbox 1764 5566 1792 5617; x_wconf 76' lang='grc' dir='ltr'>ὁ</span> 
     </span>
    </p>
   </div>
   <div class='ocr_carea' id='block_1_93' title="bbox 269 5741 1762 5812">
    <p class='ocr_par' dir='ltr' id='par_1_93' title="bbox 269 5741 1762 5812">
     <span class='ocr_line' id='line_1_93' title="bbox 269 5741 1762 5812; baseline 0.007 -17"><span class='ocrx_word' id='word_1_722' title='bbox 269 5744 321 5773; x_wconf 83' lang='grc'><strong>⁸⁵</strong></span> <span class='ocrx_word' id='word_1_723' title='bbox 356 5741 496 5796; x_wconf 87' lang='lat' dir='ltr'><strong>Psai.</strong></span> <span class='ocrx_word' id='word_1_724' title='bbox 538 5758 661 5807; x_wconf 73' lang='lat' dir='ltr'><strong>xcv,</strong></span> <span class='ocrx_word' id='word_1_725' title='bbox 723 5760 838 5800; x_wconf 65' lang='grc' dir='ltr'><strong>σενι</strong></span> <span class='ocrx_word' id='word_1_726' title='bbox 901 5757 954 5801; x_wconf 78' lang='grc' dir='ltr'><strong>ιιι</strong></span> <span class='ocrx_word' id='word_1_727' title='bbox 1015 5763 1175 5800; x_wconf 80' lang='lat' dir='ltr'><strong>xcvtt.</strong></span> <span class='ocrx_word' id='word_1_728' title='bbox 1260 5750 1485 5802; x_wconf 77' lang='lat' dir='ltr'><strong>&quot;Joan.</strong></span> <span class='ocrx_word' id='word_1_729' title='bbox 1532 5750 1762 5812; x_wconf 64' lang='lat' dir='ltr'><strong>\tt,«i7.&#39;</strong></span> 
     </span>
    </p>
   </div>
   <div class='ocr_carea' id='block_1_94' title="bbox 1889 3253 3503 3328">
    <p class='ocr_par' dir='ltr' id='par_1_94' title="bbox 1889 3253 3503 3328">
     <span class='ocr_line' id='line_1_94' title="bbox 1889 3253 3503 3328; baseline 0.004 -21"><span class='ocrx_word' id='word_1_730' title='bbox 1889 3253 1974 3309; x_wconf 78' lang='lat' dir='ltr'><strong>los</strong></span> <span class='ocrx_word' id='word_1_731' title='bbox 2000 3255 2054 3308; x_wconf 90' lang='lat' dir='ltr'><strong>in</strong></span> <span class='ocrx_word' id='word_1_732' title='bbox 2077 3256 2335 3325; x_wconf 69' lang='lat' dir='ltr'><strong>atquitate</strong></span> <span class='ocrx_word' id='word_1_733' title='bbox 2354 3256 2419 3310; x_wconf 85' lang='grc'><strong>³⁸.</strong></span> <span class='ocrx_word' id='word_1_734' title='bbox 2454 3275 2473 3308; x_wconf 76' lang='lat' dir='ltr'><strong>t</strong></span> <span class='ocrx_word' id='word_1_735' title='bbox 2503 3256 2762 3325; x_wconf 82' lang='lat' dir='ltr'><strong>Respice,</strong></span> <span class='ocrx_word' id='word_1_736' title='bbox 2783 3272 2991 3325; x_wconf 75' lang='lat' dir='ltr'><strong>qumso,</strong></span> <span class='ocrx_word' id='word_1_737' title='bbox 3012 3256 3414 3328; x_wconf 83' lang='lat' dir='ltr'><strong>prophetarum</strong></span> <span class='ocrx_word' id='word_1_738' title='bbox 3445 3265 3503 3313; x_wconf 86' lang='lat' dir='ltr'><strong>et</strong></span> 
     </span>
    </p>
   </div>
   <div class='ocr_carea' id='block_1_95' title="bbox 1889 3345 3501 3415">
    <p class='ocr_par' dir='ltr' id='par_1_95' title="bbox 1889 3345 3501 3415">
     <span class='ocr_line' id='line_1_95' title="bbox 1889 3345 3501 3415; baseline 0.001 -15"><span class='ocrx_word' id='word_1_739' title='bbox 1889 3345 2215 3415; x_wconf 86' lang='lat' dir='ltr'><strong>angelorum</strong></span> <span class='ocrx_word' id='word_1_740' title='bbox 2285 3347 2747 3413; x_wconf 88' lang='lat' dir='ltr'><strong>consonantiam,</strong></span> <span class='ocrx_word' id='word_1_741' title='bbox 2793 3347 3027 3402; x_wconf 87' lang='lat' dir='ltr'><strong>carmini</strong></span> <span class='ocrx_word' id='word_1_742' title='bbox 3087 3347 3303 3403; x_wconf 85' lang='lat' dir='ltr'><strong>musico</strong></span> <span class='ocrx_word' id='word_1_743' title='bbox 3357 3347 3501 3404; x_wconf 89' lang='lat' dir='ltr'><strong>bcne</strong></span> 
     </span>
    </p>
   </div>
   <div class='ocr_carea' id='block_1_96' title="bbox 1889 3439 3503 3510">
    <p class='ocr_par' dir='ltr' id='par_1_96' title="bbox 1889 3439 3503 3510">
     <span class='ocr_line' id='line_1_96' title="bbox 1889 3439 3503 3510; baseline 0.001 -17"><span class='ocrx_word' id='word_1_744' title='bbox 1889 3439 2250 3493; x_wconf 88' lang='lat' dir='ltr'><strong>c&#39;oncordanti</strong></span> <span class='ocrx_word' id='word_1_745' title='bbox 2299 3439 2561 3494; x_wconf 88' lang='lat' dir='ltr'><strong>similem.</strong></span> <span class='ocrx_word' id='word_1_746' title='bbox 2619 3440 2900 3510; x_wconf 83' lang='lat' dir='ltr'><strong>Propheta</strong></span> <span class='ocrx_word' id='word_1_747' title='bbox 2925 3439 3073 3494; x_wconf 90' lang='lat' dir='ltr'><strong>enim</strong></span> <span class='ocrx_word' id='word_1_748' title='bbox 3113 3439 3293 3495; x_wconf 85' lang='lat' dir='ltr'><strong>dicit:</strong></span> <span class='ocrx_word' id='word_1_749' title='bbox 3328 3458 3345 3492; x_wconf 86' lang='grc' dir='ltr'><strong>ι</strong></span> <span class='ocrx_word' id='word_1_750' title='bbox 3381 3439 3503 3495; x_wconf 69' lang='grc' dir='ltr'><strong>ιω-</strong></span> 
     </span>
    </p>
   </div>
   <div class='ocr_carea' id='block_1_97' title="bbox 1893 3530 3505 3602">
    <p class='ocr_par' dir='ltr' id='par_1_97' title="bbox 1893 3530 3505 3602">
     <span class='ocr_line' id='line_1_97' title="bbox 1893 3530 3505 3602; baseline 0.004 -17"><span class='ocrx_word' id='word_1_751' title='bbox 1893 3537 2079 3585; x_wconf 87' lang='lat' dir='ltr'><strong>tentur</strong></span> <span class='ocrx_word' id='word_1_752' title='bbox 2117 3530 2276 3595; x_wconf 76' lang='lat' dir='ltr'><strong>cteli;</strong></span> <span class='ocrx_word' id='word_1_753' title='bbox 2316 3549 2334 3582; x_wconf 73' lang='grc' dir='ltr'><strong>ι</strong></span> <span class='ocrx_word' id='word_1_754' title='bbox 2365 3541 2422 3586; x_wconf 88' lang='lat' dir='ltr'><strong>et</strong></span> <span class='ocrx_word' id='word_1_755' title='bbox 2474 3531 2654 3602; x_wconf 82' lang='lat' dir='ltr'><strong>angeli</strong></span> <span class='ocrx_word' id='word_1_756' title='bbox 2698 3542 2929 3596; x_wconf 89' lang='lat' dir='ltr'><strong>canunt,</strong></span> <span class='ocrx_word' id='word_1_757' title='bbox 2977 3549 2997 3584; x_wconf 78' lang='grc' dir='ltr'><strong>ι</strong></span> <span class='ocrx_word' id='word_1_758' title='bbox 3054 3533 3242 3589; x_wconf 84' lang='lat' dir='ltr'><strong>Gloria</strong></span> <span class='ocrx_word' id='word_1_759' title='bbox 3299 3533 3414 3590; x_wconf 88' lang='lat' dir='ltr'><strong>Deo</strong></span> <span class='ocrx_word' id='word_1_760' title='bbox 3444 3534 3505 3592; x_wconf 86' lang='lat' dir='ltr'><strong>in</strong></span> 
     </span>
    </p>
   </div>
   <div class='ocr_carea' id='block_1_98' title="bbox 1894 3621 3505 3697">
    <p class='ocr_par' dir='ltr' id='par_1_98' title="bbox 1894 3621 3505 3697">
     <span class='ocr_line' id='line_1_98' title="bbox 1894 3621 3505 3697; baseline 0.005 -22"><span class='ocrx_word' id='word_1_761' title='bbox 1894 3621 2151 3675; x_wconf 63' lang='lat' dir='ltr'><strong>exuisis.</strong></span> <span class='ocrx_word' id='word_1_762' title='bbox 2189 3639 2208 3672; x_wconf 71' lang='grc' dir='ltr'><strong>ι</strong></span> <span class='ocrx_word' id='word_1_763' title='bbox 2241 3621 2531 3692; x_wconf 74' lang='lat' dir='ltr'><strong>Propheta,</strong></span> <span class='ocrx_word' id='word_1_764' title='bbox 2563 3622 2721 3690; x_wconf 90' lang='lat' dir='ltr'><strong>dicit,</strong></span> <span class='ocrx_word' id='word_1_765' title='bbox 2758 3642 2776 3675; x_wconf 85' lang='grc' dir='ltr'><strong>ι</strong></span> <span class='ocrx_word' id='word_1_766' title='bbox 2829 3623 3090 3697; x_wconf 81' lang='lat' dir='ltr'><strong>Exsultet</strong></span> <span class='ocrx_word' id='word_1_767' title='bbox 3137 3635 3322 3692; x_wconf 89' lang='lat' dir='ltr'><strong>terra;</strong></span> <span class='ocrx_word' id='word_1_768' title='bbox 3363 3645 3382 3678; x_wconf 84' lang='lat' dir='ltr'><strong>r</strong></span> <span class='ocrx_word' id='word_1_769' title='bbox 3411 3642 3505 3682; x_wconf 83' lang='lat' dir='ltr'><strong>ea-</strong></span> 
     </span>
    </p>
   </div>
   <div class='ocr_carea' id='block_1_99' title="bbox 1899 3712 3506 3788">
    <p class='ocr_par' dir='ltr' id='par_1_99' title="bbox 1899 3712 3506 3788">
     <span class='ocr_line' id='line_1_99' title="bbox 1899 3712 3506 3788; baseline 0.005 -20"><span class='ocrx_word' id='word_1_770' title='bbox 1899 3724 2042 3768; x_wconf 88' lang='lat' dir='ltr'><strong>nunt</strong></span> <span class='ocrx_word' id='word_1_771' title='bbox 2071 3714 2273 3784; x_wconf 82' lang='lat' dir='ltr'><strong>angeli,</strong></span> <span class='ocrx_word' id='word_1_772' title='bbox 2313 3732 2331 3766; x_wconf 85' lang='lat' dir='ltr'><strong>t</strong></span> <span class='ocrx_word' id='word_1_773' title='bbox 2365 3715 2443 3771; x_wconf 74' lang='lat' dir='ltr'><strong>Ac</strong></span> <span class='ocrx_word' id='word_1_774' title='bbox 2485 3715 2540 3770; x_wconf 89' lang='lat' dir='ltr'><strong>in</strong></span> <span class='ocrx_word' id='word_1_775' title='bbox 2579 3712 2727 3772; x_wconf 87' lang='lat' dir='ltr'><strong>terra</strong></span> <span class='ocrx_word' id='word_1_776' title='bbox 2757 3731 2882 3788; x_wconf 82' lang='lat' dir='ltr'><strong>pax,</strong></span> <span class='ocrx_word' id='word_1_777' title='bbox 2915 3719 2969 3772; x_wconf 85' lang='lat' dir='ltr'><strong>in</strong></span> <span class='ocrx_word' id='word_1_778' title='bbox 3003 3717 3326 3775; x_wconf 79' lang='lat' dir='ltr'><strong>hominibus</strong></span> <span class='ocrx_word' id='word_1_779' title='bbox 3359 3720 3506 3776; x_wconf 84' lang='lat' dir='ltr'><strong>bona</strong></span> 
     </span>
    </p>
   </div>
   <div class='ocr_carea' id='block_1_100' title="bbox 1897 3806 3502 3874">
    <p class='ocr_par' dir='ltr' id='par_1_100' title="bbox 1897 3806 3502 3874">
     <span class='ocr_line' id='line_1_100' title="bbox 1897 3806 3502 3874; baseline 0.006 -16"><span class='ocrx_word' id='word_1_780' title='bbox 1897 3807 2172 3862; x_wconf 82' lang='lat' dir='ltr'><strong>voluntas.</strong></span> <span class='ocrx_word' id='word_1_781' title='bbox 2209 3826 2227 3859; x_wconf 66' lang='grc' dir='ltr'><strong>ι</strong></span> <span class='ocrx_word' id='word_1_782' title='bbox 2277 3806 2496 3874; x_wconf 85' lang='lat' dir='ltr'><strong>Quibus</strong></span> <span class='ocrx_word' id='word_1_783' title='bbox 2539 3809 2707 3863; x_wconf 87' lang='lat' dir='ltr'><strong>etiam</strong></span> <span class='ocrx_word' id='word_1_784' title='bbox 2760 3809 2870 3864; x_wconf 93' lang='lat' dir='ltr'><strong>hoc</strong></span> <span class='ocrx_word' id='word_1_785' title='bbox 2918 3809 3337 3868; x_wconf 78' lang='lat' dir='ltr'><strong>non&#39;diasimile</strong></span> <span class='ocrx_word' id='word_1_786' title='bbox 3365 3823 3448 3868; x_wconf 88' lang='lat' dir='ltr'><strong>est</strong></span> <span class='ocrx_word' id='word_1_787' title='bbox 3487 3831 3502 3867; x_wconf 92' lang='lat'><strong>:</strong></span> 
     </span>
    </p>
   </div>
   <div class='ocr_carea' id='block_1_101' title="bbox 1903 3899 3506 3973">
    <p class='ocr_par' dir='ltr' id='par_1_101' title="bbox 1903 3899 3506 3973">
     <span class='ocr_line' id='line_1_101' title="bbox 1903 3899 3506 3973; baseline 0.007 -21"><span class='ocrx_word' id='word_1_788' title='bbox 1903 3919 1921 3952; x_wconf 87' lang='grc' dir='ltr'><strong>ι</strong></span> <span class='ocrx_word' id='word_1_789' title='bbox 1957 3899 2451 3956; x_wconf 83' lang='lat' dir='ltr'><strong>Annuntiavcrunt</strong></span> <span class='ocrx_word' id='word_1_790' title='bbox 2481 3901 2605 3956; x_wconf 57' lang='lat' dir='ltr'><strong>coeli</strong></span> <span class='ocrx_word' id='word_1_791' title='bbox 2637 3901 3145 3973; x_wconf 68' lang='lat' dir='ltr'><strong>justitiam-ipsius,</strong></span> <span class='ocrx_word' id='word_1_792' title='bbox 3168 3913 3224 3958; x_wconf 89' lang='lat' dir='ltr'><strong>et</strong></span> <span class='ocrx_word' id='word_1_793' title='bbox 3244 3904 3506 3963; x_wconf 83' lang='lat' dir='ltr'><strong>viderunt</strong></span> 
     </span>
    </p>
   </div>
   <div class='ocr_carea' id='block_1_102' title="bbox 1900 3991 3504 4064">
    <p class='ocr_par' dir='ltr' id='par_1_102' title="bbox 1900 3991 3504 4064">
     <span class='ocr_line' id='line_1_102' title="bbox 1900 3991 3504 4064; baseline 0.004 -19"><span class='ocrx_word' id='word_1_794' title='bbox 1900 4007 2092 4047; x_wconf 87' lang='lat' dir='ltr'><strong>omnes</strong></span> <span class='ocrx_word' id='word_1_795' title='bbox 2123 3992 2312 4062; x_wconf 84' lang='lat' dir='ltr'><strong>paputi</strong></span> <span class='ocrx_word' id='word_1_796' title='bbox 2344 3991 2576 4061; x_wconf 81' lang='lat' dir='ltr'><strong>gloriam</strong></span> <span class='ocrx_word' id='word_1_797' title='bbox 2609 3993 2754 4064; x_wconf 84' lang='lat' dir='ltr'><strong>ejus.</strong></span> <span class='ocrx_word' id='word_1_798' title='bbox 2779 4011 2799 4046; x_wconf 73' lang='grc' dir='ltr'><strong>ι</strong></span> <span class='ocrx_word' id='word_1_799' title='bbox 2831 3991 2977 4060; x_wconf 92' lang='lat' dir='ltr'><strong>Quin</strong></span> <span class='ocrx_word' id='word_1_800' title='bbox 3007 4003 3065 4050; x_wconf 89' lang='lat' dir='ltr'><strong>et</strong></span> <span class='ocrx_word' id='word_1_801' title='bbox 3100 3994 3285 4052; x_wconf 75' lang='lat' dir='ltr'><strong>Moses</strong></span> <span class='ocrx_word' id='word_1_802' title='bbox 3319 3996 3459 4052; x_wconf 80' lang='lat' dir='ltr'><strong>dixit</strong></span> <span class='ocrx_word' id='word_1_803' title='bbox 3487 4012 3504 4051; x_wconf 91' lang='lat'><strong>:</strong></span> 
     </span>
    </p>
   </div>
   <div class='ocr_carea' id='block_1_103' title="bbox 1906 4087 3508 4159">
    <p class='ocr_par' dir='ltr' id='par_1_103' title="bbox 1906 4087 3508 4159">
     <span class='ocr_line' id='line_1_103' title="bbox 1906 4087 3508 4159; baseline 0.006 -19"><span class='ocrx_word' id='word_1_804' title='bbox 1906 4108 1924 4140; x_wconf 82' lang='grc' dir='ltr'><strong>ι</strong></span> <span class='ocrx_word' id='word_1_805' title='bbox 1961 4087 2242 4142; x_wconf 80' lang='lat' dir='ltr'><strong>Exsultate</strong></span> <span class='ocrx_word' id='word_1_806' title='bbox 2268 4101 2393 4141; x_wconf 88' lang='lat' dir='ltr'><strong>cum</strong></span> <span class='ocrx_word' id='word_1_807' title='bbox 2429 4101 2518 4152; x_wconf 90' lang='lat' dir='ltr'><strong>eo,</strong></span> <span class='ocrx_word' id='word_1_808' title='bbox 2563 4088 2712 4153; x_wconf 75' lang='lat' dir='ltr'><strong>cmli,</strong></span> <span class='ocrx_word' id='word_1_809' title='bbox 2743 4087 2973 4146; x_wconf 89' lang='lat' dir='ltr'><strong>adorate</strong></span> <span class='ocrx_word' id='word_1_810' title='bbox 3000 4105 3155 4159; x_wconf 88' lang='lat' dir='ltr'><strong>eum,</strong></span> <span class='ocrx_word' id='word_1_811' title='bbox 3183 4106 3380 4149; x_wconf 84' lang='lat' dir='ltr'><strong>omnes</strong></span> <span class='ocrx_word' id='word_1_812' title='bbox 3408 4109 3508 4150; x_wconf 89' lang='lat' dir='ltr'><strong>an-</strong></span> 
     </span>
    </p>
   </div>
   <div class='ocr_carea' id='block_1_104' title="bbox 1901 4179 3509 4253">
    <p class='ocr_par' dir='ltr' id='par_1_104' title="bbox 1901 4179 3509 4253">
     <span class='ocr_line' id='line_1_104' title="bbox 1901 4179 3509 4253; baseline 0.006 -20"><span class='ocrx_word' id='word_1_813' title='bbox 1901 4179 2006 4250; x_wconf 83' lang='lat' dir='ltr'><strong>geli</strong></span> <span class='ocrx_word' id='word_1_814' title='bbox 2034 4181 2186 4250; x_wconf 85' lang='lat' dir='ltr'><strong>ejus;</strong></span> <span class='ocrx_word' id='word_1_815' title='bbox 2238 4198 2254 4231; x_wconf 77' lang='grc' dir='ltr'><strong>ι</strong></span> <span class='ocrx_word' id='word_1_816' title='bbox 2292 4179 2463 4234; x_wconf 88' lang='lat' dir='ltr'><strong>David</strong></span> <span class='ocrx_word' id='word_1_817' title='bbox 2496 4195 2629 4235; x_wconf 87' lang='lat' dir='ltr'><strong>vero</strong></span> <span class='ocrx_word' id='word_1_818' title='bbox 2655 4180 2738 4236; x_wconf 89' lang='lat' dir='ltr'><strong>sic</strong></span> <span class='ocrx_word' id='word_1_819' title='bbox 2772 4199 2785 4234; x_wconf 91' lang='lat'><strong>:</strong></span> <span class='ocrx_word' id='word_1_820' title='bbox 2852 4200 2869 4234; x_wconf 83' lang='grc' dir='ltr'><strong>ι</strong></span> <span class='ocrx_word' id='word_1_821' title='bbox 2897 4181 3136 4240; x_wconf 81' lang='lat' dir='ltr'><strong>Adorate</strong></span> <span class='ocrx_word' id='word_1_822' title='bbox 3191 4200 3344 4253; x_wconf 90' lang='lat' dir='ltr'><strong>eum,</strong></span> <span class='ocrx_word' id='word_1_823' title='bbox 3405 4204 3509 4243; x_wconf 77' lang='lat' dir='ltr'><strong>an-</strong></span> 
     </span>
    </p>
   </div>
   <div class='ocr_carea' id='block_1_105' title="bbox 1900 4271 3508 4346">
    <p class='ocr_par' dir='ltr' id='par_1_105' title="bbox 1900 4271 3508 4346">
     <span class='ocr_line' id='line_1_105' title="bbox 1900 4271 3508 4346; baseline 0.006 -20"><span class='ocrx_word' id='word_1_824' title='bbox 1900 4272 2004 4342; x_wconf 82' lang='lat' dir='ltr'><strong>geli</strong></span> <span class='ocrx_word' id='word_1_825' title='bbox 2029 4271 2180 4341; x_wconf 89' lang='lat' dir='ltr'><strong>ejus;</strong></span> <span class='ocrx_word' id='word_1_826' title='bbox 2210 4291 2228 4323; x_wconf 75' lang='grc'><strong>»</strong></span> <span class='ocrx_word' id='word_1_827' title='bbox 2264 4271 2359 4341; x_wconf 89' lang='lat' dir='ltr'><strong>qui</strong></span> <span class='ocrx_word' id='word_1_828' title='bbox 2391 4271 2652 4342; x_wconf 88' lang='lat' dir='ltr'><strong>equidem</strong></span> <span class='ocrx_word' id='word_1_829' title='bbox 2673 4272 2975 4331; x_wconf 85' lang='lat' dir='ltr'><strong>adorantes</strong></span> <span class='ocrx_word' id='word_1_830' title='bbox 2999 4276 3286 4346; x_wconf 75' lang='lat' dir='ltr'><strong>dixerunt,</strong></span> <span class='ocrx_word' id='word_1_831' title='bbox 3325 4298 3344 4332; x_wconf 84' lang='lat' dir='ltr'><strong>t</strong></span> <span class='ocrx_word' id='word_1_832' title='bbox 3377 4279 3508 4336; x_wconf 74' lang='lat' dir='ltr'><strong>Glo-</strong></span> 
     </span>
    </p>
   </div>
   <div class='ocr_carea' id='block_1_106' title="bbox 1904 4362 3509 4432">
    <p class='ocr_par' dir='ltr' id='par_1_106' title="bbox 1904 4362 3509 4432">
     <span class='ocr_line' id='line_1_106' title="bbox 1904 4362 3509 4432; baseline 0.01 -18"><span class='ocrx_word' id='word_1_833' title='bbox 1904 4362 1982 4422; x_wconf 77' lang='lat' dir='ltr'><strong>rja</strong></span> <span class='ocrx_word' id='word_1_834' title='bbox 2018 4363 2131 4417; x_wconf 87' lang='lat' dir='ltr'><strong>Deo</strong></span> <span class='ocrx_word' id='word_1_835' title='bbox 2163 4363 2216 4416; x_wconf 90' lang='lat' dir='ltr'><strong>in</strong></span> <span class='ocrx_word' id='word_1_836' title='bbox 2248 4363 2503 4419; x_wconf 80' lang='lat' dir='ltr'><strong>excelsis.</strong></span> <span class='ocrx_word' id='word_1_837' title='bbox 2537 4383 2555 4414; x_wconf 72' lang='grc' dir='ltr'><strong>ι</strong></span> <span class='ocrx_word' id='word_1_838' title='bbox 2615 4363 2735 4432; x_wconf 88' lang='lat' dir='ltr'><strong>Qua</strong></span> <span class='ocrx_word' id='word_1_839' title='bbox 2790 4365 2860 4422; x_wconf 91' lang='lat' dir='ltr'><strong>de</strong></span> <span class='ocrx_word' id='word_1_840' title='bbox 2914 4363 3081 4423; x_wconf 86' lang='lat' dir='ltr'><strong>causa</strong></span> <span class='ocrx_word' id='word_1_841' title='bbox 3131 4380 3318 4426; x_wconf 88' lang='lat' dir='ltr'><strong>autem</strong></span> <span class='ocrx_word' id='word_1_842' title='bbox 3361 4371 3509 4430; x_wconf 76' lang='lat' dir='ltr'><strong>hanc</strong></span> 
     </span>
    </p>
   </div>
   <div class='ocr_carea' id='block_1_107' title="bbox 1905 4453 3506 4535">
    <p class='ocr_par' dir='ltr' id='par_1_107' title="bbox 1905 4453 3506 4535">
     <span class='ocr_line' id='line_1_107' title="bbox 1905 4453 3506 4535; baseline 0.007 -28"><span class='ocrx_word' id='word_1_843' title='bbox 1905 4453 2292 4524; x_wconf 87' lang='lat' dir='ltr'><strong>repetitionem</strong></span> <span class='ocrx_word' id='word_1_844' title='bbox 2351 4455 2624 4528; x_wconf 85' lang='lat' dir='ltr'><strong>adjectam</strong></span> <span class='ocrx_word' id='word_1_845' title='bbox 2684 4469 2868 4530; x_wconf 88' lang='lat' dir='ltr'><strong>putas,</strong></span> <span class='ocrx_word' id='word_1_846' title='bbox 2920 4478 2938 4511; x_wconf 85' lang='grc' dir='ltr'><strong>ι</strong></span> <span class='ocrx_word' id='word_1_847' title='bbox 2995 4460 3270 4528; x_wconf 89' lang='lat' dir='ltr'><strong>Quoniam</strong></span> <span class='ocrx_word' id='word_1_848' title='bbox 3311 4467 3506 4535; x_wconf 80' lang='lat' dir='ltr'><strong>venit,</strong></span> 
     </span>
    </p>
   </div>
   <div class='ocr_carea' id='block_1_108' title="bbox 1906 4550 3509 4633">
    <p class='ocr_par' dir='ltr' id='par_1_108' title="bbox 1906 4550 3509 4633">
     <span class='ocr_line' id='line_1_108' title="bbox 1906 4550 3509 4633; baseline 0.006 -29"><span class='ocrx_word' id='word_1_849' title='bbox 1906 4551 2170 4619; x_wconf 83' lang='lat' dir='ltr'><strong>quoniam</strong></span> <span class='ocrx_word' id='word_1_850' title='bbox 2199 4550 2352 4605; x_wconf 89' lang='lat' dir='ltr'><strong>venit</strong></span> <span class='ocrx_word' id='word_1_851' title='bbox 2391 4551 2458 4605; x_wconf 89' lang='lat' dir='ltr'><strong>ad</strong></span> <span class='ocrx_word' id='word_1_852' title='bbox 2490 4551 2859 4633; x_wconf 88' lang='lat' dir='ltr'><strong>judicandum</strong></span> <span class='ocrx_word' id='word_1_853' title='bbox 2889 4561 3093 4611; x_wconf 90' lang='lat' dir='ltr'><strong>terram</strong></span> <span class='ocrx_word' id='word_1_854' title='bbox 3119 4557 3143 4611; x_wconf 79' lang='lat'><strong>?</strong></span> <span class='ocrx_word' id='word_1_855' title='bbox 3178 4575 3196 4610; x_wconf 78' lang='grc' dir='ltr'><strong>ι</strong></span> <span class='ocrx_word' id='word_1_856' title='bbox 3236 4557 3356 4614; x_wconf 85' lang='lat' dir='ltr'><strong>Non</strong></span> <span class='ocrx_word' id='word_1_857' title='bbox 3385 4560 3509 4631; x_wconf 83' lang='lat' dir='ltr'><strong>qui-</strong></span> 
     </span>
    </p>
   </div>
   <div class='ocr_carea' id='block_1_109' title="bbox 1902 4637 3509 4717">
    <p class='ocr_par' dir='ltr' id='par_1_109' title="bbox 1902 4637 3509 4717">
     <span class='ocr_line' id='line_1_109' title="bbox 1902 4637 3509 4717; baseline 0.007 -24"><span class='ocrx_word' id='word_1_858' title='bbox 1902 4641 2028 4695; x_wconf 85' lang='lat' dir='ltr'><strong>dem</strong></span> <span class='ocrx_word' id='word_1_859' title='bbox 2062 4639 2166 4694; x_wconf 81' lang='lat' dir='ltr'><strong>alia</strong></span> <span class='ocrx_word' id='word_1_860' title='bbox 2200 4637 2267 4694; x_wconf 84' lang='lat' dir='ltr'><strong>de</strong></span> <span class='ocrx_word' id='word_1_861' title='bbox 2296 4655 2488 4708; x_wconf 87' lang='lat' dir='ltr'><strong>causa,</strong></span> <span class='ocrx_word' id='word_1_862' title='bbox 2511 4657 2676 4712; x_wconf 90' lang='lat' dir='ltr'><strong>quam</strong></span> <span class='ocrx_word' id='word_1_863' title='bbox 2713 4646 2860 4713; x_wconf 88' lang='lat' dir='ltr'><strong>quod</strong></span> <span class='ocrx_word' id='word_1_864' title='bbox 2897 4646 3138 4717; x_wconf 89' lang='lat' dir='ltr'><strong>primum</strong></span> <span class='ocrx_word' id='word_1_865' title='bbox 3166 4647 3299 4704; x_wconf 90' lang='lat' dir='ltr'><strong>illud</strong></span> <span class='ocrx_word' id='word_1_866' title='bbox 3335 4667 3509 4705; x_wconf 75' lang='lat' dir='ltr'><strong>mem-</strong></span> 
     </span>
    </p>
   </div>
   <div class='ocr_carea' id='block_1_110' title="bbox 1903 4732 3508 4809">
    <p class='ocr_par' dir='ltr' id='par_1_110' title="bbox 1903 4732 3508 4809">
     <span class='ocr_line' id='line_1_110' title="bbox 1903 4732 3508 4809; baseline 0.007 -24"><span class='ocrx_word' id='word_1_867' title='bbox 1903 4732 2088 4798; x_wconf 89' lang='lat' dir='ltr'><strong>hrum,</strong></span> <span class='ocrx_word' id='word_1_868' title='bbox 2125 4734 2180 4788; x_wconf 92' lang='lat' dir='ltr'><strong>in</strong></span> <span class='ocrx_word' id='word_1_869' title='bbox 2224 4749 2335 4804; x_wconf 93' lang='lat' dir='ltr'><strong>quo</strong></span> <span class='ocrx_word' id='word_1_870' title='bbox 2389 4734 2717 4804; x_wconf 85' lang='lat' dir='ltr'><strong>simpliciter</strong></span> <span class='ocrx_word' id='word_1_871' title='bbox 2760 4737 2990 4808; x_wconf 90' lang='lat' dir='ltr'><strong>dicitur,</strong></span> <span class='ocrx_word' id='word_1_872' title='bbox 3029 4757 3049 4792; x_wconf 82' lang='grc' dir='ltr'><strong>ι</strong></span> <span class='ocrx_word' id='word_1_873' title='bbox 3086 4739 3360 4809; x_wconf 85' lang='lat' dir='ltr'><strong>Quoniam</strong></span> <span class='ocrx_word' id='word_1_874' title='bbox 3413 4759 3508 4797; x_wconf 84' lang='lat' dir='ltr'><strong>vc-</strong></span> 
     </span>
    </p>
   </div>
   <div class='ocr_carea' id='block_1_111' title="bbox 1901 4825 3507 4896">
    <p class='ocr_par' dir='ltr' id='par_1_111' title="bbox 1901 4825 3507 4896">
     <span class='ocr_line' id='line_1_111' title="bbox 1901 4825 3507 4896; baseline 0.007 -18"><span class='ocrx_word' id='word_1_875' title='bbox 1901 4825 2006 4889; x_wconf 91' lang='lat' dir='ltr'><strong>nit,</strong></span> <span class='ocrx_word' id='word_1_876' title='bbox 2048 4844 2066 4876; x_wconf 74' lang='grc' dir='ltr'><strong>ο</strong></span> <span class='ocrx_word' id='word_1_877' title='bbox 2117 4826 2358 4896; x_wconf 90' lang='lat' dir='ltr'><strong>primum</strong></span> <span class='ocrx_word' id='word_1_878' title='bbox 2416 4826 2718 4884; x_wconf 85' lang='lat' dir='ltr'><strong>Salvatoris</strong></span> <span class='ocrx_word' id='word_1_879' title='bbox 2776 4831 3079 4888; x_wconf 88' lang='lat' dir='ltr'><strong>adventum</strong></span> <span class='ocrx_word' id='word_1_880' title='bbox 3133 4833 3190 4889; x_wconf 92' lang='lat' dir='ltr'><strong>in</strong></span> <span class='ocrx_word' id='word_1_881' title='bbox 3237 4836 3507 4892; x_wconf 83' lang='lat' dir='ltr'><strong>mundum</strong></span> 
     </span>
    </p>
   </div>
   <div class='ocr_carea' id='block_1_112' title="bbox 1901 4916 3506 4998">
    <p class='ocr_par' dir='ltr' id='par_1_112' title="bbox 1901 4916 3506 4998">
     <span class='ocr_line' id='line_1_112' title="bbox 1901 4916 3506 4998; baseline 0.007 -28"><span class='ocrx_word' id='word_1_882' title='bbox 1901 4916 2151 4980; x_wconf 85' lang='lat' dir='ltr'><strong>denotat,</strong></span> <span class='ocrx_word' id='word_1_883' title='bbox 2179 4931 2290 4987; x_wconf 89' lang='lat' dir='ltr'><strong>quo</strong></span> <span class='ocrx_word' id='word_1_884' title='bbox 2341 4933 2448 4972; x_wconf 92' lang='lat' dir='ltr'><strong>non</strong></span> <span class='ocrx_word' id='word_1_885' title='bbox 2504 4920 2558 4974; x_wconf 88' lang='lat' dir='ltr'><strong>in</strong></span> <span class='ocrx_word' id='word_1_886' title='bbox 2615 4926 2837 4992; x_wconf 89' lang='lat' dir='ltr'><strong>propria</strong></span> <span class='ocrx_word' id='word_1_887' title='bbox 2865 4939 2964 4979; x_wconf 86' lang='lat' dir='ltr'><strong>sua</strong></span> <span class='ocrx_word' id='word_1_888' title='bbox 3013 4928 3300 4998; x_wconf 89' lang='lat' dir='ltr'><strong>majestate</strong></span> <span class='ocrx_word' id='word_1_889' title='bbox 3329 4928 3506 4994; x_wconf 88' lang='lat' dir='ltr'><strong>venit,</strong></span> 
     </span>
    </p>
   </div>
   <div class='ocr_carea' id='block_1_113' title="bbox 1905 5009 3504 5091">
    <p class='ocr_par' dir='ltr' id='par_1_113' title="bbox 1905 5009 3504 5091">
     <span class='ocr_line' id='line_1_113' title="bbox 1905 5009 3504 5091; baseline 0.009 -29"><span class='ocrx_word' id='word_1_890' title='bbox 1905 5009 2000 5062; x_wconf 87' lang='lat' dir='ltr'><strong>sed</strong></span> <span class='ocrx_word' id='word_1_891' title='bbox 2027 5010 2220 5079; x_wconf 85' lang='lat' dir='ltr'><strong>humili</strong></span> <span class='ocrx_word' id='word_1_892' title='bbox 2281 5014 2518 5081; x_wconf 83' lang='lat' dir='ltr'><strong>quadam</strong></span> <span class='ocrx_word' id='word_1_893' title='bbox 2569 5016 2756 5084; x_wconf 77' lang='lat' dir='ltr'><strong>Specie</strong></span> <span class='ocrx_word' id='word_1_894' title='bbox 2786 5027 2844 5073; x_wconf 87' lang='lat' dir='ltr'><strong>et</strong></span> <span class='ocrx_word' id='word_1_895' title='bbox 2870 5024 3213 5091; x_wconf 89' lang='lat' dir='ltr'><strong>contempta.</strong></span> <span class='ocrx_word' id='word_1_896' title='bbox 3260 5012 3504 5077; x_wconf 76' lang='lat' dir='ltr'><strong>Consen-</strong></span> 
     </span>
    </p>
   </div>
   <div class='ocr_carea' id='block_1_114' title="bbox 1906 5102 3508 5171">
    <p class='ocr_par' dir='ltr' id='par_1_114' title="bbox 1906 5102 3508 5171">
     <span class='ocr_line' id='line_1_114' title="bbox 1906 5102 3508 5171; baseline 0.011 -17"><span class='ocrx_word' id='word_1_897' title='bbox 1906 5102 1969 5155; x_wconf 85' lang='lat' dir='ltr'><strong>tit</strong></span> <span class='ocrx_word' id='word_1_898' title='bbox 2003 5103 2151 5157; x_wconf 92' lang='lat' dir='ltr'><strong>enim</strong></span> <span class='ocrx_word' id='word_1_899' title='bbox 2199 5117 2328 5159; x_wconf 89' lang='lat' dir='ltr'><strong>cum</strong></span> <span class='ocrx_word' id='word_1_900' title='bbox 2363 5105 2553 5162; x_wconf 89' lang='lat' dir='ltr'><strong>verbis</strong></span> <span class='ocrx_word' id='word_1_901' title='bbox 2588 5108 2806 5164; x_wconf 86' lang='lat' dir='ltr'><strong>Domini</strong></span> <span class='ocrx_word' id='word_1_902' title='bbox 2855 5111 3096 5168; x_wconf 87' lang='lat' dir='ltr'><strong>dicentis</strong></span> <span class='ocrx_word' id='word_1_903' title='bbox 3125 5130 3139 5167; x_wconf 90' lang='lat'><strong>:</strong></span> <span class='ocrx_word' id='word_1_904' title='bbox 3183 5132 3202 5165; x_wconf 83' lang='lat' dir='ltr'><strong>t</strong></span> <span class='ocrx_word' id='word_1_905' title='bbox 3260 5114 3381 5171; x_wconf 81' lang='lat' dir='ltr'><strong>Non</strong></span> <span class='ocrx_word' id='word_1_906' title='bbox 3415 5132 3508 5171; x_wconf 68' lang='grc' dir='ltr'><strong>γοη-</strong></span> 
     </span>
    </p>
   </div>
   <div class='ocr_carea' id='block_1_115' title="bbox 1904 5194 3502 5264">
    <p class='ocr_par' dir='ltr' id='par_1_115' title="bbox 1904 5194 3502 5264">
     <span class='ocr_line' id='line_1_115' title="bbox 1904 5194 3502 5264; baseline 0.009 -18"><span class='ocrx_word' id='word_1_907' title='bbox 1904 5194 1958 5246; x_wconf 90' lang='lat' dir='ltr'><strong>ni</strong></span> <span class='ocrx_word' id='word_1_908' title='bbox 1989 5204 2048 5247; x_wconf 91' lang='lat' dir='ltr'><strong>ut</strong></span> <span class='ocrx_word' id='word_1_909' title='bbox 2070 5194 2315 5264; x_wconf 86' lang='lat' dir='ltr'><strong>judicem</strong></span> <span class='ocrx_word' id='word_1_910' title='bbox 2339 5197 2631 5264; x_wconf 90' lang='lat' dir='ltr'><strong>mundum,</strong></span> <span class='ocrx_word' id='word_1_911' title='bbox 2653 5201 2748 5254; x_wconf 89' lang='lat' dir='ltr'><strong>sed</strong></span> <span class='ocrx_word' id='word_1_912' title='bbox 2788 5210 2846 5254; x_wconf 93' lang='lat' dir='ltr'><strong>ut</strong></span> <span class='ocrx_word' id='word_1_913' title='bbox 2883 5203 3150 5258; x_wconf 89' lang='lat' dir='ltr'><strong>mundum</strong></span> <span class='ocrx_word' id='word_1_914' title='bbox 3175 5208 3381 5262; x_wconf 78' lang='lat' dir='ltr'><strong>salvom</strong></span> <span class='ocrx_word' id='word_1_915' title='bbox 3403 5208 3502 5263; x_wconf 69' lang='lat' dir='ltr'><strong>“.t</strong></span> 
     </span>
    </p>
   </div>
   <div class='ocr_carea' id='block_1_116' title="bbox 1902 5287 3503 5366">
    <p class='ocr_par' dir='ltr' id='par_1_116' title="bbox 1902 5287 3503 5366">
     <span class='ocr_line' id='line_1_116' title="bbox 1902 5287 3503 5366; baseline 0.011 -26"><span class='ocrx_word' id='word_1_916' title='bbox 1902 5287 2058 5353; x_wconf 90' lang='lat' dir='ltr'><strong>Quod</strong></span> <span class='ocrx_word' id='word_1_917' title='bbox 2114 5304 2246 5344; x_wconf 85' lang='lat' dir='ltr'><strong>vero</strong></span> <span class='ocrx_word' id='word_1_918' title='bbox 2290 5289 2438 5344; x_wconf 89' lang='lat' dir='ltr'><strong>idem</strong></span> <span class='ocrx_word' id='word_1_919' title='bbox 2478 5302 2737 5360; x_wconf 89' lang='lat' dir='ltr'><strong>repetens</strong></span> <span class='ocrx_word' id='word_1_920' title='bbox 2795 5294 2961 5363; x_wconf 71' lang='lat' dir='ltr'><strong>dicit,</strong></span> <span class='ocrx_word' id='word_1_921' title='bbox 2992 5311 3012 5348; x_wconf 76' lang='grc' dir='ltr'><strong>ι</strong></span> <span class='ocrx_word' id='word_1_922' title='bbox 3051 5297 3324 5366; x_wconf 88' lang='lat' dir='ltr'><strong>Quoniam</strong></span> <span class='ocrx_word' id='word_1_923' title='bbox 3359 5302 3503 5357; x_wconf 74' lang='lat' dir='ltr'><strong>venit</strong></span> 
     </span>
    </p>
   </div>
   <div class='ocr_carea' id='block_1_117' title="bbox 1902 5378 3504 5451">
    <p class='ocr_par' dir='ltr' id='par_1_117' title="bbox 1902 5378 3504 5451">
     <span class='ocr_line' id='line_1_117' title="bbox 1902 5378 3504 5451; baseline 0.012 -21"><span class='ocrx_word' id='word_1_924' title='bbox 1902 5378 2352 5449; x_wconf 88' lang='lat' dir='ltr'><strong>adjudicandum</strong></span> <span class='ocrx_word' id='word_1_925' title='bbox 2389 5390 2650 5450; x_wconf 68' lang='lat' dir='ltr'><strong>terram,»</strong></span> <span class='ocrx_word' id='word_1_926' title='bbox 2686 5385 2974 5445; x_wconf 85' lang='lat' dir='ltr'><strong>denotavit</strong></span> <span class='ocrx_word' id='word_1_927' title='bbox 2998 5391 3301 5449; x_wconf 88' lang='lat' dir='ltr'><strong>secundam</strong></span> <span class='ocrx_word' id='word_1_928' title='bbox 3336 5394 3504 5451; x_wconf 82' lang='lat' dir='ltr'><strong>Chri-</strong></span> 
     </span>
    </p>
   </div>
   <div class='ocr_carea' id='block_1_118' title="bbox 1900 5461 3504 5561">
    <p class='ocr_par' dir='ltr' id='par_1_118' title="bbox 1900 5461 3504 5561">
     <span class='ocr_line' id='line_1_118' title="bbox 1900 5461 3504 5561; baseline 0.01 -38"><span class='ocrx_word' id='word_1_929' title='bbox 1900 5469 1969 5523; x_wconf 87' lang='lat' dir='ltr'><strong>sti</strong></span> <span class='ocrx_word' id='word_1_930' title='bbox 2004 5470 2058 5524; x_wconf 90' lang='lat' dir='ltr'><strong>in</strong></span> <span class='ocrx_word' id='word_1_931' title='bbox 2087 5471 2294 5526; x_wconf 87' lang='lat' dir='ltr'><strong>mundo</strong></span> <span class='ocrx_word' id='word_1_932' title='bbox 2317 5461 2866 5543; x_wconf 50' lang='lat' dir='ltr'><strong>praesentiamﬂunc</strong></span> <span class='ocrx_word' id='word_1_933' title='bbox 2896 5481 3046 5536; x_wconf 88' lang='lat' dir='ltr'><strong>enim</strong></span> <span class='ocrx_word' id='word_1_934' title='bbox 3080 5483 3504 5561; x_wconf 78' lang='lat' dir='ltr'><strong>venietjudica-</strong></span> 
     </span>
    </p>
   </div>
   <div class='ocr_carea' id='block_1_119' title="bbox 1905 5570 3502 5645">
    <p class='ocr_par' dir='ltr' id='par_1_119' title="bbox 1905 5570 3502 5645">
     <span class='ocr_line' id='line_1_119' title="bbox 1905 5570 3502 5645; baseline 0.012 -29"><span class='ocrx_word' id='word_1_935' title='bbox 1905 5573 2060 5621; x_wconf 85' lang='lat' dir='ltr'><strong>turus</strong></span> <span class='ocrx_word' id='word_1_936' title='bbox 2103 5575 2326 5624; x_wconf 80' lang='lat' dir='ltr'><strong>terram.</strong></span> <span class='ocrx_word' id='word_1_937' title='bbox 2362 5570 2518 5636; x_wconf 86' lang='lat' dir='ltr'><strong>Quod</strong></span> <span class='ocrx_word' id='word_1_938' title='bbox 2557 5571 2703 5629; x_wconf 90' lang='lat' dir='ltr'><strong>idem</strong></span> <span class='ocrx_word' id='word_1_939' title='bbox 2733 5590 2860 5631; x_wconf 89' lang='lat' dir='ltr'><strong>cum</strong></span> <span class='ocrx_word' id='word_1_940' title='bbox 2895 5577 3116 5635; x_wconf 89' lang='lat' dir='ltr'><strong>Domini</strong></span> <span class='ocrx_word' id='word_1_941' title='bbox 3144 5580 3334 5645; x_wconf 85' lang='lat' dir='ltr'><strong>verbis</strong></span> <span class='ocrx_word' id='word_1_942' title='bbox 3365 5597 3502 5638; x_wconf 87' lang='lat' dir='ltr'><strong>con-</strong></span> 
     </span>
    </p>
   </div>
  </div>
