4144 6320
96 352 184 416 ίὺ5

1029 345 1323 408 CONTRA
1368 341 1866 409 ΜΑΗΟΜΕΤΕΜ
1909 339 2295 403 APOLOGM
2340 338 2409 400 ll.

3249 341 3356 403 4‘30

96 473 247 540 ύμων.
289 465 623 536 Ἐγείρεσθε,
655 465 899 536 ἄγωμεν.
935 484 952 517 ι
987 465 1100 520 Kal
1151 443 1392 532 ἀπήλθον
1448 465 1529 528 είς
1559 463 1654 542 τδν

1781 458 1970 514 .labitis
2001 458 2135 512 mihi
2170 469 2225 512 ut
2265 473 2366 528 ego
2397 457 2622 524 prodam
2674 443 2828 513 illum
2861 457 2946 510 "?
2977 456 3042 510 Et
3086 457 3357 513 dederunt

94 565 258 626 τόπον,
285 561 343 614 δν
373 559 523 632 εἶχεν
581 562 646 613 ἐκ
682 559 995 628 συνηοείας.
1025 561 1088 613 Ol
1153 560 1337 627 μέντοι
1383 560 1688 628 ἀρχιερεῖς

94 653 429 723 συναχθέντες
462 652 600 723 μετά
629 653 736 704 τῶν
795 651 1173 722 γραμματέων
1205 652 1300 704 καὶ
1351 651 1664 718 Φαρισαίων

92 744 172 795 καὶ
201 742 398 803 παντὸς
433 739 528 792 τοῦ
568 739 853 808 συνεδρίου
902 739 1083 791 αὐτῶν
1133 739 1343 806 ελεγον,
1388 757 1406 789 ι
1441 738 1508 790 Τί
1544 754 1662 790 ποι-

93 829 263 896 οὖμεν,
299 829 383 880 ὅτι
415 830 444 880 6
467 827 757 897 ἄνθρωπος
787 819 942 888 οὗτος
989 827 1162 878 πολλὰ
1220 827 1423 895 σημεῖα
1479 827 1660 888 ποιεῖ;

107 921 212 970 Ἐὰν
239 919 472 987 ἀφῶμεν
513 918 677 971 αὑτὸν
734 916 932 981 οὕτως,
967 932 1186 979 παντως
1247 913 1562 967 ἐλεύσονται
1616 917 1664 966 οἱ

104 1011 372 1077 Ῥωμαῖοι,
406 1010 501 1063 καὶ
537 1009 764 1077 ἀροῦσιν
799 1006 957 1076 ἡμῶν
991 1009 1084 1060 καὶ
1132 1009 1224 1060 τὸν
1254 1008 1420 1061 τόπον
1458 1007 1549 1060 καὶ
1605 1007 1665 1058 τὸ

95 1101 246 1160 ἔθνος.
302 1100 614 1169 Συμφέρεγ
648 1097 962 1152 ἀποθανεῖν.
1001 1117 1020 1150 ι
1072 1098 1130 1152 '0
1186 1099 1242 1151 δὲ
1307 1098 1664 1168 Ἰσκαριώτης

106 1188 286 1250 Ἰούδας
320 1187 576 1241 ἀπελθὼν
597 1189 677 1248 είς
707 1187 833 1250 τοὺς
872 1187 1150 1257 ἀρχιερεῖς
1169 1188 1262 1240 καὶ
1290 1189 1664 1256 γραμματεῖς,

94 1275 228 1331 εἶπεν
264 1281 478 1342 αὐτοῖς,
520 1299 540 1330 ς
578 1279 643 1330 Τί
671 1278 858 1332 θέλετέ
891 1295 982 1346 μοι
1026 1277 1233 1339 δοῦναι,
1268 1278 1364 1331 καὶ
1391 1278 1503 1345 ἐγὼ
1538 1277 1667 1347 ὑμῖν

93 1371 387 1440 παραδώσω
458 1370 668 1436 αύτόνς
728 1373 840 1424 Kal
892 1370 1106 1423 ἔδωκαν
1155 1371 1307 1441 αὐτῷ
1366 1371 1665 1442 τριάκοντα

92 1464 337 1535 ἀργύρια.
369 1484 388 1515 ι
426 1465 540 1517 Kal
603 1463 723 1534 μετ’
777 1463 957 1531 ὀλίγον
986 1464 1168 1516 λαϐὼν
1202 1465 1232 1515 6
1276 1462 1477 1532 Ἰούδας
1539 1463 1668 1516 λαὸν

95 1555 284 1614 ίιιανδν,
347 1553 570 1624 ἔρχεται
625 1554 759 1609 ἔνθα
812 1554 1100 1626 εὑρίσκετο
1160 1556 1189 1606 6
1245 1553 1523 1624 Χριστός.¹
1563 1553 1668 1607 Καὶ

94 1647 392 1717 ἐρχομένων
459 1647 709 1713 ἐκείνων,
749 1647 897 1714 λέγει
949 1648 1065 1709 τοῖς
1126 1645 1398 1715 μαθηταῖς
1447 1645 1669 1700 αύτοῦό

91 1740 334 1807 Χριστὸς,
372 1758 390 1790 ι
427 1739 762 1809 Ἐγείρεσθε,
816 1741 1064 1808 ἄγωμεν,
1117 1739 1225 1792 ίδοὺ
1259 1742 1288 1793 6
1333 1740 1664 1810 παραδιδούς

1772 551 1846 605 illi
1885 551 2457 620 trigintalargcnteos.
2499 567 2516 601 ι
2559 550 2627 604 Et
2662 550 2822 620 paulo
2850 558 2972 619 post
3002 549 3171 605 Jndas
3199 552 3360 605 turba

1770 643 1939 696 multa
1966 650 2269 712 assumpta,
2311 658 2379 696 eo
2420 642 2643 697 devenit
2671 642 2764 698 ubi
2800 633 3060 697 Christus
3113 642 3361 696 invenie-

1769 728 1954 784 batur.
2010 730 2226 796 Quibus
2281 730 2656 798 venientibus,
2710 731 2846 786 dicit
2904 731 3195 802 discipulis
3241 733 3360 787 suis

1767 821 2020 878 Christus
2051 840 2066 877 :
2104 840 2123 878 ι
2162 822 2406 892 Surgite,
2431 833 2650 887 'eamps,
2708 840 2839 879 cecc
2880 825 2973 894 qui
3033 825 3218 894 prodit
3251 840 3357 887 me.

1770 916 2202 985 appropinquat.
2225 935 2242 967 ι
2289 917 2353 970 Et
2387 918 2684 972 accedente
2724 917 2862 972 Jnda
2890 933 3015 971 cum
3043 918 3364 972 Jndmorunt

1772 1017 1971 1071 turma,
2038 1009 2173 1062 dicit
2221 1008 2328 1061 illis
2374 1008 2672 1063 Christus:
2751 1027 2769 1059 ι
2826 1009 3000 1074 Quem
3065 1008 3351 1078 qua-ritis?

1772 1099 1972 1153 Dicunt
2013 1099 2117 1164 illi,
2147 1099 2339 1155 Jesu‘m
2368 1100 2734 1154 Nazarenam.
2767 1101 2908 1154 Dicit
2937 1101 3048 1154 illis
3078 1100 3361 1162 Christus,

1775 1212 1793 1244 ι
1826 1192 1939 1262 Ego
1967 1207 2110 1246 sum.
2144 1209 2163 1243 ι
2207 1193 2276 1248 Ει
2304 1193 2410 1248 hoc
2433 1194 2642 1256 audito,
2703 1209 2896 1248 omnes
2928 1194 3186 1262 prostrati
3234 1202 3366 1246 sunt

1771 1284 1825 1338 in
1859 1293 2086 1338 terram.
2123 1283 2262 1339 Num
2293 1285 2464 1355 igitur
2495 1286 2586 1354 qui
2618 1294 2699 1339 tot
2744 1300 2808 1339 ac
2841 1293 2992 1338 tanta
3024 1284 3229 1339 fecerat
3267 1284 3367 1338 mi-

1771 1372 1980 1438 racula,
2007 1375 2101 1443 qui
2141 1390 2248 1428 una
2281 1390 2413 1429 voce
2451 1376 2753 1445 prostravit
2781 1386 3095 1445 quarrentes
3129 1391 3210 1440 se,
3253 1390 3365 1429 non

1771 1465 1952 1534 potuit
2012 1481 2160 1520 nunc
2224 1465 2446 1522 efﬁcere
2482 1483 2550 1522 ne
2590 1467 2747 1521 illum
2797 1467 3370 1536 comprehenderent?

1778 1556 1931 1611 llaud
1989 1558 2156 1613 dubie
2215 1559 2380 1629 igitur
2439 1575 2537 1615 sna
2584 1570 2780 1630 sponte
2839 1560 2951 1615 illis
2985 1560 3363 1623 traditusgst.

1771 1647 1931 1703 Tunc
1959 1650 2095 1704 dicit
2123 1652 2230 1706 illis
2252 1651 2414 1706 Jesns
2447 1669 2460 1707 :
2494 1670 2513 1704 ι
2547 1651 2604 1707 Si
2647 1652 2812 1723 igitur
2849 1668 2935 1708 me
2965 1653 3235 1723 quzeritis,
3289 1655 3368 1709 si-

1773 1742 1886 1796 nite
1915 1743 2014 1796 hos
2054 1743 2262 1798 abire.»
2300 1744 2367 1798 Et
2390 1742 2641 1799 dimissis
2673 1743 2966 1812 discipulis
2988 1744 3186 1813 ipsius.
3219 1758 3373 1798 com-

94 1845 152 1897 με
195 1830 452 1898 ᾕγγικεν.
491 1847 510 1878 ι
553 1828 662 1881 Καὶ
715 1828 960 1890 ἐλθόντος
997 1827 1089 1891 τοῦ
1152 1827 1324 1881 Ἰούδα
1382 1828 1522 1897 μετά
1573 1826 1668 1880 τοῦ

1781 1833 2193 1904 prehenderunt
2239 1834 2545 1889 Christum.
2599 1835 2836 1890 Videsne
2898 1812 3182 1904 quomodo
3243 1844 3375 1905 ante.

93 1921 205 1972 λαοί
233 1920 340 1972 τῶν
387 1919 678 1982 Ἰουδαίων,
701 1920 851 1988 λέγει
887 1920 1019 1990 πρὸς
1071 1922 1270 1983 αὐτοὺς
1303 1922 1363 1974 46
1410 1919 1667 1991 Χριστὸς,

98 2012 271 2063 «Τίνα
318 2011 570 2081 ζητεῖτες
645 2012 912 2077 Λέγουσιν
967 2012 1117 2081 αὐτῷ
1177 2013 1398 2074 ἐκεῖνοι,
1461 2012 1671 2084 Ἰησοῦν

90 2107 170 2152 τὸν
218 2100 565 2170 Ναζωραῖον.
627 2101 790 2169 Λέγει
861 2104 889 2154 6
980 2103 1238 2171 Χριστὸς,
1328 2101 1466 2169 Ἐγώ
1531 2104 1667 2172 είμι.

92 2193 189 2244 Καὶ
216 2192 377 2246 τοῦτο
410 2193 770 2256 ἀκούσαντες,
798 2194 996 2246 ἔπεσον
1022 2195 1224 2256 πάντες
1253 2197 1332 2256 εἰς
1361 2198 1463 2264 τὴν
1488 2193 1612 2263 γῆν.
1643 2212 1663 2244 ι

94 2284 147 2336 Τί
174 2285 265 2352 δὲς
291 2288 317 2337 6
345 2288 579 2355 ποιήσας
615 2285 852 2339 τοσαῦτα
883 2287 971 2338 καὶ
1007 2284 1308 2356 τηλικαῦτα
1336 2285 1613 2356 Θαύματα,
1644 2288 1673 2338 6

91 2378 194 2431 ἀπὸ
247 2377 420 2450 μόνης
471 2379 662 2441 λαλιᾶς
726 2378 890 2432 αὑτοῦ
956 2379 1118 2450 ῥίψαις
1179 2381 1305 2442 τοὺς
1370 2377 1672 2448 ζητοῦντας

92 2472 268 2538 αύτὸν,
332 2472 436 2524 οὐκ
493 2472 742 2542 ἠδυνήθη
812 2472 1060 2542 ποιῆσαι,
1114 2472 1202 2525 ἵνα
1259 2474 1335 2542 μὴ
1396 2460 1681 2542 δυνηθῶσι

93 2566 358 2632 κρατῆσαι
384 2563 548 2620 αὐτόν
568 2581 583 2628 ;
606 2564 830 2626 Πάντως
861 2563 1132 2632 πρόδηλον
1163 2563 1245 2615 ὅτι
1274 2564 1453 2634 οίκείᾳ
1481 2563 1673 2632 βουλή-

93 2671 164 2706 σει
190 2655 491 2725 παρεδόθη.
523 2656 656 2708 Τότε
684 2655 830 2724 λέγει
855 2657 1038 2718 αὐτοῖς
1072 2656 1100 2707 6
1126 2654 1384 2724 Χριστὸς,
1418 2673 1435 2704 ι
1469 2654 1527 2705 El
1579 2653 1673 2707 οὖν

91 2746 182 2814 ip)
210 2744 438 2816 ζητῆτε,
481 2745 654 2813 ἄφετε
689 2744 914 2808 τούτους
960 2745 1210 2814 ὑπάγειν.
1239 2763 1260 2794 ι
1293 2744 1402 2796 Καὶ
1442 2743 1673 2812 ἀφέντες

93 2838 206 2898 τοὺς
232 2834 484 2906 μαθητὰς
506 2833 698 2897 αὑτοῦ,
721 2835 1032 2904 ἐκράτησαν
1058 2834 1151 2886 τὸν
1173 2833 1424 2902 Χριστόν.
1446 2833 1674 2895 Βλέπεις

95 2928 199 2990 πῶς
233 2927 455 2998 πρῶτον
519 2928 616 2997 μὲν
673 2925 782 2980 ἀπὸ
832 2927 1000 2996 μόνης
1046 2925 1172 2995 τῆς
1211 2923 1404 2988 λαλιᾶς
1451 2924 1672 2990 ἔπεσον,

92 3021 276 3076 ἔπειτα
297 3023 356 3075 ἐν
392 3020 469 3092 τῷ
489 3024 667 3075 είπεῖν
700 3021 833 3091 πρὸς
862 3021 1086 3088 αὐτοὺς,
1123 3003 1154 3072 ἰ
1187 3021 1390 3088 Ἅφετε
1447 3018 1674 3082 τούτους

92 3115 340 3182 ὑπάγειν,
377 3115 473 3168 ἐὰν
502 3115 600 3183 ἐμὲ
631 3114 858 3183 ζητῆτε,
901 3132 921 3166 ι
964 3113 1122 3184 μόνος
1178 3113 1453 3184 παρεδόθη
1494 3112 1676 3184 οἰκεία

93 3206 338 3277 οελήσει;
377 3207 622 3269 Ἐδειξεν
672 3206 747 3270 ὡς
804 3209 862 3260 ἐν
918 3207 1102 3276 ταυτῷ
1161 3207 1254 3260 καὶ
1298 3207 1398 3273 τὴν
1445 3205 1677 3275 δύναμιν

92 3299 276 3360 αὐτοῦ,
314 3302 410 3353 καὶ
430 3301 530 3370 τὴν
561 3300 802 3370 θέλησιν.
837 3300 934 3353 Διά
985 3318 1064 3353 τοι
1103 3302 1261 3353 τοῦτο
1291 3299 1385 3354 καὶ
1423 3300 1452 3352 6
1513 3300 1678 3352 Aab'l6

92 3384 229 3455 εἶπε,
270 3411 289 3441 ι
319 3373 657 3462 Παρεδόοτμ,
685 3393 780 3444 καὶ
802 3392 900 3445 οὐκ
932 3391 1366 3462 ἐξεπορευόμην.
1399 3409 1418 3442 ι
1468 3391 1678 3460 Ἱιγουν

90 3483 344 3547 δυνάμεις
389 3485 529 3555 ἔχων
556 3489 584 3536 ὁ
607 3486 859 3553 Χριστδς,
889 3486 977 3539 ῖνα
1002 3487 1077 3555 μὴ
1125 3484 1427 3555 παραδοθῇ,
1461 3483 1676 3536 ἐθελον-

92 3574 180 3644 τὴς
197 3575 501 3647 παρεδόθη.
521 3575 839 3645 ’Λπήγαγον
865 3576 1046 3628 τοίνυν
1061 3575 1155 3628 τὸν
1186 3575 1422 3645 Χριστὸν
1444 3577 1524 3636 είς
1549 3574 1678 3637 τοὺς

92 3671 387 3738 ἀρχιερεῖς.
423 3668 488 3720 υἱ
544 3669 598 3720 δὲ
665 3669 909 3735 μαθηταὶ
972 3667 1303 3738 φυσηθέντες
1340 3665 1563 3734 ἔφυγον.
1614 3669 1680 3720 Ut

93 3758 217 3825 γοῦν
244 3761 528 3829 ἀρχιερεῖς
557 3758 968 3827 παραλαϐόντες
997 3758 1087 3809 τὸν
1117 3757 1327 3824 Ἰησοῦν
1377 3756 1678 3827 ἐχάρησαν·

92 3854 176 3904 καί
239 3852 752 3922 προσκαλεσάμενοι
806 3851 901 3902 δύο
963 3849 1425 3920 ψευδομάρτυρας
1493 3850 1681 3919 ελεγον

94 3936 411 3998 “fama
435 3946 536 3998 ὅσα
558 3943 847 3997 ἐϐούλοντο
874 3942 1107 4012 ψευδῶς.
1156 3942 1215 3996 ’0
1250 3943 1429 3996 τοίνυν
1471 3944 1684 4014 Ἰησοῦς

90 4038 323 4092 ἐςιώπα.
363 4038 528 4105 Λέγει
579 4037 709 4103 γοῦν
765 4036 914 4107 αύτῷ
943 4039 981 4106 ό,
1000 4036 1316 4107 ἀρχιερεὺς,
1346 4055 1364 4088 ι
1387 4033 1683 4106 Ἐξορκίζω

94 4148 146 4182 σε
189 4130 334 4183 κατά
365 4131 460 4183 τοῦ
491 4129 649 4191 Θεοῦ,
705 4129 792 4181 ἵνα
823 4129 953 4197 ἡμῖν
985 4131 1166 4199 εἴπῃς,
1199 4131 1248 4181 εί
1304 4131 1369 4181 σὺ
1410 4125 1462 4183 εί
1489 4131 1516 4182 6
1559 4130 1684 4192 Υἱὸς

91 4222 176 4275 τοῦ
204 4223 542 4292 Εὑλογητοῦ,
583 4224 630 4273 εξ
659 4222 723 4274 σὺ
750 4216 799 4273 εί
831 4223 858 4273 6
890 4222 1122 4290 Χριστὸς
1156 4225 1183 4274 6
1221 4222 1345 4285 Υίδς
1405 4223 1497 4275 τοῦ
1546 4222 1682 4276 Θεοῦ

90 4315 178 4367 τοῦ
244 4317 471 4379 ζῶντος.
509 4333 527 4366 ι
569 4314 733 4381 Λέγει
767 4314 914 4384 αὐτῷ
940 4317 969 4368 6
1038 4316 1268 4385 Ἰησοῦς,
1309 4334 1328 4367 ι
1368 4314 1510 4381 Ἐγώ
1542 4315 1678 4386 είμι.

93 4407 237 4479 Πλὴν
259 4408 412 4474 λέγω
429 4407 580 4476 ὑμῖν,
605 4408 812 4478 ἀπάρτι
860 4406 1055 4475 ὄψεσθε
1077 4407 1167 4460 τὸν
1196 4407 1322 4460 Υίὸν
1347 4406 1441 4460 τοῦ
1474 4406 1686 4477 ἀνθρὼ-

1777 1923 1997 1994 quidem
2040 1926 2208 1980 unico
2240 1926 2413 1980 verbo
2447 1927 2709 1996 prostrati
2768 1927 3114 1993 ceciderint;
3167 1914 3370 1982 deinde

1778 2031 1912 2070 vero
1943 2030 2068 2070 cum
2101 2015 2316 2072 diceret
2345 2017 2478 2079 illis,
2524 2017 2763 2081 «Sinite
2798 2019 2900 2074 hos
2952 2018 3128 2082 abire,
3180 2019 3225 2074 si
3283 2034 3370 2073 me

1780 2109 2082 2177 qureritis,»
2125 2111 2282 2165 solus
2305 2111 2528 2179 propria
2554 2126 2652 2166 sua
2679 2112 2965 2166 voluntate
2989 2111 3371 2165 consentiente

1780 2196 1867 2250 bis
1896 2198 2133 2255 traditus
2163 2200 2272 2257 sit?
2320 2188 2736 2257 Demonstravit
2783 2201 2970 2270 itaque
3012 2201 3065 2254 in
3098 2212 3157 2255 se
3192 2211 3247 2256 et
3276 2217 3372 2270 po-

1780 2289 2009 2343 tentiam
2039 2305 2219 2356 suam,
2254 2299 2310 2345 et
2338 2291 2708 2346 voluntatem.
2736 2292 3088 2360 Quapropter
3117 2299 3173 2344 et
3197 2290 3370 2344 David

1781 2378 1937 2442 dixit,
1997 2377 2291 2435 «Traditus
2321 2395 2443 2435 sum
2469 2422 2482 2445 ,
2517 2387 2570 2435 et
2607 2395 2715 2434 non
2742 2380 3080 2435 declinavi.»
3125 2379 3182 2434 Si
3221 2380 3372 2434 cnim

1780 2472 2034 2528 Christus
2068 2488 2196 2526 cum
2244 2471 2486 2526 evadere
2519 2479 2708 2542 posset
2766 2471 3003 2526 traditus
3037 2481 3144 2534 est,
3180 2471 3373 2527 volens

1780 2566 2024 2634 seipsum
2066 2564 2310 2621 tradidit.
2367 2566 2736 2620 Abduxerunt
2783 2567 2966 2634 itaque
2991 2565 3275 2620 Christum
3303 2567 3370 2618 ad

1781 2638 2091 2724 pontifices.
2121 2654 2390 2746 Discipuli
2451 2665 2635 2710 autem
2666 2655 2865 2708 timore
2894 2655 3136 2722 correpti
3209 2652 3366 2724 fuge-

1783 2757 1932 2799 runt.
1970 2745 2338 2802 Sacerdotum
2373 2756 2562 2801 autem
2606 2747 2890 2819 principes
2919 2755 3150 2816 pr0pter
3180 2745 3370 2801 Jesnm

1781 2840 2247 2907 comprehensum
2279 2839 2452 2912 gavisi
2481 2847 2614 2894 sunt
2640 2857 2653 2904 ;
2707 2848 2766 2894 et
2823 2837 3123 2902 advocatis,
3154 2837 3374 2894 duobus

1783 2928 1933 2985 falsis
1958 2931 2187 2985 testibus
2214 2941 2415 2986 contra
2451 2930 2612 2985 illum
2636 2967 2651 2993 ,
2683 2943 3032 3000 quacunque
3058 2928 3264 2982 libebat
3287 2928 3376 2981 di-

1782 3023 1981 3077 cebant
2009 3022 2321 3076 mendacia.
2351 3022 2517 3078 Jesus
2557 3037 2692 3076 vero
2743 3021 2985 3076 tacebat.
3035 3020 3174 3075 Dicit
3207 3014 3374 3092 igitur

1785 3113 1863 3184 illi
1899 3128 2149 3168 summus
2196 3113 2460 3168 sacerdos
2494 3130 2509 3167 :
2549 3132 2567 3164 ι
2609 3111 2820 3182 Adjuro
2877 3122 2932 3167 te
2979 3126 3078 3181 per
3111 3110 3281 3172 Deum
3314 3123 3376 3166 ut

1784 3207 1938 3262 dicas
1971 3207 2153 3269 nobis,
2207 3220 2338 3258 num
2368 3215 2426 3258 tu
2457 3206 2536 3260 sis
2583 3203 2732 3259 filius
2775 3202 3085 3264 Benedicti,
3122 3203 3208 3257 vel
3238 3219 3370 3258 num

1782 3311 1839 3355 tu
1872 3300 1948 3354 sis
1966 3297 2223 3354 Christus
2247 3297 2422 3352 Filius
2461 3297 2554 3353 Dei
2596 3297 2858 3351 viventis.
2904 3295 3042 3350 Dicit
3078 3295 3154 3351 illi
3190 3295 3375 3359 Iesus,

1783 3389 1900 3461 Ego
1940 3406 2090 3457 sum.
2150 3389 2546 3445 Verumtamen
2603 3389 2732 3444 dico
2792 3389 2969 3452 vobis,
3019 3403 3049 3441 a
3085 3403 3236 3443 nunc
3296 3389 3376 3444 vi-

1782 3464 1985 3538 debitis
2002 3482 2204 3536 Filium
2237 3480 2484 3536 hominis
2509 3479 2794 3535 sedentem
2811 3494 2840 3533 a
2865 3478 3075 3534 dextris
3093 3480 3374 3549 potentia.

1781 3584 1839 3629 et
1871 3573 2190 3628 venientem
2256 3571 2312 3626 in
2375 3571 2625 3626 nubibus
2676 3572 2858 3626 coeli.»
2927 3570 3084 3626 Tunc
3121 3571 3377 3642 princeps

1782 3664 2138 3721 sacerdotum
2171 3663 2340 3719 scidit
2367 3664 2702 3718 vestimenta
2739 3654 2859 3729 sua,
2886 3663 3080 3719 dicens
3111 3680 3124 3716 :
3166 3683 3182 3713 ι
3229 3663 3376 3719 Illas-

1783 3759 2081 3828 phemavit,
2144 3756 2276 3828 quid
2337 3757 2482 3810 ultra
2541 3756 2857 3826 indigemus
2891 3755 3171 3812 testibus?
3236 3759 3375 3813 Ecce

1785 3864 1883 3902 vos
1919 3846 2353 3916 ipsi-audivistis
2392 3846 2792 3916 blasphemiam
2824 3847 3019 3916 ipsius.
3055 3847 3200 3914 Quid
3226 3849 3380 3905 wbis

1787 3941 2041 3996 videtur?
2076 3943 2183 4006 ,At
2232 3939 2313 3993 illi
2349 3939 2610 3994 dixerunt
2663 3959 2677 3994 :
2749 3940 2898 3994 Reus
2955 3943 3149 3995 mortis
3201 3951 3306 3996 est.
3353 3963 3372 3993 ι

1785 4033 2019 4100 Quidam
2052 4032 2218 4100 igitur
2246 4032 2550 4087 astantium
2593 4031 2745 4085 dedit
2773 4033 2850 4086 illi
2883 4033 3121 4103 alapam.
3149 4033 3216 4087 Et
3247 4050 3378 4089 cum

1788 4124 2096 4178 illusissent
2128 4123 2230 4190 illi,
2290 4123 2648 4178 abduxerunt
2681 4123 2859 4187 ἱΙΙιιιιι,
2911 4132 2970 4179 et
3028 4123 3380 4181 tradiderunt

1787 4217 1985 4275 Pilato.
2019 4215 2187 4271 Judas
2221 4230 2357 4270 vero
2397 4215 2594 4270 abiens
2643 4215 2779 4270 dicit
2813 4216 3162 4289 principibus
3194 4235 3380 4274 sacer-

1785 4309 1976 4363 dotum
2007 4328 2020 4363 :
2059 4328 2078 4360 ι
2115 4307 2369 4373 Peccavi,
2403 4308 2643 4377 prodens
2663 4310 2985 4379 sanguinem
3017 4312 3298 4366 innoxium
3323 4330 3370 4378 ;ι

1787 4413 1844 4458 et
1871 4400 2150 4473 argenteis
2180 4401 2236 4454 in
2271 4400 2540 4466 templum
2589 4400 2874 4470 projectis,
2910 4401 3084 4468 abiit,
3141 4410 3200 4456 et
3256 4418 3379 4458 sus-

92 4515 188 4551 που
212 4498 529 4570 καθήμενον
546 4500 608 4551 ἐκ
628 4498 820 4566 δεξιῶν
837 4500 931 4567 τῆς
950 4498 1254 4568 δυνάμεως,
1279 4501 1371 4550 καὶ
1387 4498 1675 4569 ἐρχόμενον

1788 4493 1978 4564 pendit
2007 4508 2088 4546 se.
2119 4491 2420 4546 Pontifices
2455 4507 2591 4546 vero
2621 4493 2875 4562 pecuniis
2933 4495 3182 4568 acceptis
3217 4494 3376 4552 dixe-

91 4591 321 4642 ἐπὶτῶν
349 4588 595 4658 νεφελῶν
628 4589 721 4642 τοῦ
756 4588 1012 4664 ούρανρύ.
1059 4607 1077 4640 ι
1133 4590 1268 4643 Τότε
1319 4591 1347 4642 ὀ
1388 4589 1682 4658 ἀρχιερεὺς

91 4681 344 4752 διέρρηξε
366 4680 442 4732 τά
469 4681 660 4751 ίμάτια
677 4681 844 4734 αὑτοῦ
868 4681 1058 4748 λέγων,
1082 4682 1161 4733 ὅτι
1184 4699 1202 4732 ι
1229 4680 1679 4750 Ἐϐλασφήμησε-

93 4775 140 4826 τί
173 4775 257 4826 ἐτι
323 4775 521 4844 χρείαν
577 4774 776 4843 ἔχομεν
834 4776 1170 4842 μαρτύρων;
1238 4775 1314 4827 ίδε
1370 4773 1464 4828 νῦν
1524 4759 1684 4843 ὑμεῖς

89 4868 364 4935 ἠκούσατε
395 4868 496 4934 τὴν
518 4866 873 4937 βλασφημίαν
902 4865 1093 4922 αὑτοῦ.
1113 4867 1179 4918 Τί
1208 4867 1336 4937 ὑμῖν
1359 4868 1506 4922 δοκεῖ
1531 4885 1544 4932 ;
1575 4851 1592 4916 ί
1619 4869 1682 4920 Ol

87 4954 347 5022 ἃεῖπον,
383 4975 402 5008 ι
437 4956 666 5026 Ἔνοχος
711 4944 942 5010 θανάτου
1000 4958 1169 5013 ἐστίν.
1204 4977 1222 5010 ι
1298 4959 1507 5012 Ἔδωκε
1551 4957 1683 5026 γοῦν

90 5048 236 5117 αὑτῴ
263 5040 348 5108 εἷς
380 5045 495 5099 τῶν
546 5046 974 5116 παρεστηκότων
1009 5049 1285 5116 ῥάπισμα.
1319 5048 1428 5100 Καὶ
1476 5049 1683 5117 ἐμπαί-

93 5135 281 5198 Eme;
329 5133 506 5203 αὐτῷ,
548 5135 839 5203 ἀπήγαγον
895 5136 992 5188 καὶ
1036 5136 1360 5204 παρέδωκαν
1391 5137 1554 5189 αὑτὸν
1602 5136 1684 5205 τῷ

90 5227 332 5296 ιιιλάτῳ.
349 5225 413 5280 ⁸0
425 5227 482 5279 δὲ
499 5224 700 5295 Ἰούδας
717 5224 991 5288 ἀπελθὼν,
1011 5224 1159 5293 λέγει
1181 5227 1288 5288 τοῖς
1309 5223 1682 5295 ἀρχιερεῦσιν,

99 5318 447 5387 ιἸίμαρτον,
485 5316 762 5387 παραδοὺς
796 5311 936 5386 αἷμα
965 5317 1160 5371 ἀθῶον.
1199 5334 1218 5367 ι
1258 5317 1376 5368 Kal
1412 5316 1577 5386 ῥίψας
1622 5318 1691 5370 τὰ

100 5414 349 5484 ἀργύρια
378 5415 440 5465 ἐν
470 5411 550 5482 τῷ
574 5411 710 5482 ναῷ,
725 5409 997 5481 ,ἀπελθὼν
1029 5411 1335 5490 ἀπήγξατο.
1391 5410 1542 5490 Οί-δέ
1588 5410 1689 5480 ἀρ-

88 5497 291 5578 χιερεῖς
325 5508 585 5568 λαϐόντες
619 5505 704 5560 τά“
735 5505 998 5578 ἀργύρια,
1046 5487 1220 5570 εἶπον,
1274 5523 1291 5555 ι
1328 5487 1686 5567 Οὑκὲξεστιν

88 5605 210 5670 ἡμῖν
239 5601 437 5673 βαλεῖν
461 5599 604 5655 αύτά
625 5600 704 5661 είς
729 5599 820 5652 τὸν
844 5597 1135 5668 κορϐανάν,
1172 5598 1294 5651 ἐπεὶ
1326 5596 1460 5666 τιμὴ
1511 5597 1682 5665 αἵμα-

150 5789 196 5820 "
232 5785 442 5843 Matth.
477 5801 622 5851 τινι,
663 5782 748 5836 15.

1785 4594 1937 4650 runt,
1977 4585 2127 4638 «Non
2154 4584 2280 4640 licet
2307 4599 2429 4638 eam
2455 4598 2661 4654 ponere
2689 4586 2747 4638 in
2769 4586 3092 4652 eorbonam,
3113 4588 3375 4657 quoniam

1783 4677 2021 4748 pretium
2050 4676 2333 4746 sanguinis
2361 4685 2471 4730 est.
2490 4695 2508 4726 ι
2555 4677 2821 4731 Emerunt
2850 4678 3019 4750 igitur
3048 4679 3149 4733 hac
3182 4693 3376 4750 agrum

1784 4769 1958 4840 figuli,
1989 4770 2042 4821 in
2073 4767 2419 4838 sepulturam
2454 4768 2906 4838 peregrinorum.
2954 4771 3162 4826 Milites
3191 4781 3378 4826 autem

1784 4862 2036 4932 praesidis
2087 4869 2376 4930 acceptum
2407 4860 2600 4916 desum
2631 4872 2910 4917 exuerunt
2971 4866 3218 4920 vestibus
3241 4866 3376 4931 suis,

1791 4965 1847 5008 et
1885 4954 2188 5006 induerunt
2225 4952 2379 5005 illum
2403 4950 2695 5021 chlamyde
2733 4953 3025 5022 probrosa,
3049 4966 3104 5010 et
3132 4956 3378 5010 abduxe-

1796 5053 2085 5121 runteinn
2152 5043 2220 5097 ad
2257 5059 2442 5113 regem
2476 5043 2772 5100 Herodem.
2831 5044 2900 5099 Et
2961 5061 3089 5101 cum
3153 5047 3381 5101 vidisset

1794 5136 1949 5189 illum
1978 5134 2247 5201 Herodes,
2283 5134 2500 5188 remisit
2525 5134 2678 5189 illum
2701 5135 2896 5190 Pilato.
2929 5136 3029 5191 llic
3051 5152 3183 5192 vero
3205 5138 3380 5191 inter-

1794 5226 2009 5295 rogavit
2041 5240 2139 5280 eos
2179 5226 2396 5291 dicens,
2437 5225 2608 5292 «Quid
2633 5226 2816 5282 dicitis
2842 5226 2908 5282 de
2943 5227 3173 5283 homine
3205 5227 3372 5281 isto?»

1798 5317 1868 5372 At
1893 5317 1972 5371 illi
2003 5316 2262 5371 dixerunt
2292 5333 2306 5370 :
2351 5333 2371 5368 ι
2410 5316 2683 5387 Crucifige
2715 5317 2903 5372 illum.
2947 5337 2966 5370 ι
3007 5318 3218 5373 Pilatus
3251 5333 3379 5373 vero

1799 5409 1979 5479 inquit
2009 5426 2021 5462 :
2065 5427 2083 5462 ι
2119 5408 2188 5463 Et
2218 5409 2489 5479 quidnam
2519 5410 2646 5463 mali
2673 5410 2846 5465 fecit?
2875 5430 2893 5462 ι
2936 5411 3005 5465 At
3031 5411 3108 5465 illi
3135 5411 3330 5466 dicunt
3363 5427 3376 5463 :

1802 5523 1822 5556 ι
1857 5503 2187 5573 Obloquitur
2209 5501 2437 5568 Caesari,
2468 5513 2525 5557 et
2549 5503 2794 5574 seipsum
2822 5503 2956 5559 dicit
2987 5503 3083 5558 Dei
3116 5502 3372 5557 Filium.»

1798 5596 1865 5651 Et
1901 5596 1981 5651 sic
2017 5594 2423 5651 conturbabant
2449 5595 2709 5652 Pilatum.
2768 5597 2865 5654 llic
2915 5611 3046 5652 vero
3107 5595 3374 5652 voluntati
