4144 6320
1762 327 2087 391 JI‘ANNIS
2116 326 2650 392 CAN'l‘ACUZENl
2705 375 2712 380 .

3738 331 3848 399 480

509 417 818 514 "templum
883 441 1035 498 hunc
1095 441 1253 498 nihili
1325 441 1513 525 duxit.
1573 445 1696 514 Ipse
1768 457 2060 516 peccatum
2125 462 2157 504 e

2272 447 2369 501 καὶ
2413 448 2581 512 αὐτὸς
2597 447 2905 519 ἠτιμάσθη,
2949 449 3043 504 καὶ
3069 450 3168 507 οὐκ
3194 449 3481 520 ἐλογίσατό
3521 471 3572 508 τι
3604 453 3708 526 τὴν
3734 455 3853 509 ἀτι-

540 535 731 591 medio
791 533 1040 602 sustlit,
1105 545 1164 592 et
1201 537 1320 607 ipse
1374 551 1476 608 pro
1527 538 1692 594 nobis
1745 538 1990 595 afﬂictus
2041 551 2147 606 est,

539 637 598 682 et
627 627 745 696 ipse
794 626 1126 683 vulneratus
1155 636 1241 683 est
1271 637 1504 699 propter
1552 629 1877 703 iniquitates
1929 640 2152 687 nostras

543 727 607 773 ut
653 719 779 774 illas
825 717 1074 785 deleret,
1121 728 1178 775 et
1226 721 1406 777 livore
1458 721 1609 777 illius
1667 738 1768 778 nos
1811 737 2005 778 omnes
2047 739 2152 780 sa-

541 811 660 868 nati
694 827 913 870 sumus.
955 812 1134 869 Hoses
1159 829 1290 871 vero
1324 815 1404 870 sic
1427 815 1564 870 dixit
1591 832 1605 868 :
1637 834 1655 866 ι
1681 815 1953 872 Videbitis
1981 817 2152 872 vitam

542 914 790 962 vestram
836 922 1164 977 suspensam
1199 917 1328 964 ante
1359 909 1558 966 oculos
1603 920 1818 965 vestros
1839 911 1882 964 '.
1927 927 1946 962 ι
1981 909 2153 981 Cujus

545 997 695 1052 enim
717 998 839 1069 vita
859 997 1125 1067 suspendi
1149 1008 1332 1069 potest
1352 1009 1480 1056 ante
1506 1001 1699 1056 oculos
1725 1002 1960 1072 alicujus
1981 1001 2156 1057 ?Nul-

546 1087 657 1143 lius
675 1088 927 1143 omnino.
956 1088 1064 1145 Sed
1091 1090 1245 1147 solus
1264 1089 1525 1147 Christus
1553 1093 1609 1146 in
1652 1109 1817 1150 cruce
1849 1110 2156 1164 suspensus

549 1187 656 1241 est,
683 1179 779 1248 qui
802 1179 1022 1236 estvita
1051 1180 1264 1236 mundi.
1297 1181 1420 1252 Ipse
1440 1184 1678 1253 enimjde
1711 1185 1929 1261 sedixit
1955 1205 1968 1241 :
1999 1205 2018 1236 ι
2045 1187 2156 1257 Ego

546 1283 669 1325 sum
711 1271 848 1337 vlt»,
890 1286 995 1341 ego
1030 1287 1153 1327 sum
1181 1273 1293 1340 vis,
1342 1290 1444 1345 ego
1475 1291 1596 1329 sum
1646 1277 1911 1333 veritas’.
1948 1297 1966 1330 ι
1997 1278 2157 1335 Nunc

548 1359 820 1417 nimirum
876 1363 1192 1436 intelligis,
1261 1367 1565 1436 prophetas
1616 1369 1783 1424 etiam
1844 1370 1914 1426 de
1980 1381 2158 1428 morte

546 1452 781 1523 Christi,
811 1456 1284 1528 quemadmodum
1329 1459 1400 1516 de
1445 1461 1678 1531 reliquis
1715 1463 1995 1526 omnibus,
2037 1479 2158 1520 esse

545 1545 906 1605 vaticinatus.
940 1549 1195 1620 Agnosce
1231 1551 1426 1623 igitur,
1451 1552 1599 1622 quod
1645 1553 1878 1609 indubie
1903 1554 2160 1612 Christus

551 1639 671 1709 ipse
704 1649 962 1696 mortuus
1009 1642 1102 1697 sit.
1133 1643 1224 1699 Ille
1275 1645 1394 1715 ipse
1433 1647 1584 1702 enim
1621 1648 1924 1703 crucifixus
1977 1652 2062 1704 est
2104 1660 2162 1705 et

549 1739 829 1794 mortuus.
862 1743 930 1808 et
978 1751 1091 1791 non
1141 1736 1308 1805 alius,
1364 1747 1428 1792 ut
1478 1754 1578 1794 vos
1630 1739 1816 1795 dicere
1850 1741 2060 1796 soletis.
2096 1742 2162 1797 Et

549 1822 728 1878 livore
786 1826 937 1883 illius
977 1844 1174 1885 omnes
1224 1840 1405 1886 sanati
1461 1849 1677 1896 sumus,
1713 1843 1770 1888 et
1826 1844 2004 1888 morte
2043 1850 2163 1904 ejus

551 1930 749 1974 omnes
810 1936 1008 1976 sumus
1080 1922 1380 1991 viviﬁcati,
1432 1935 1490 1980 et
1550 1927 1965 1990 resurrectione
2017 1928 2164 1982 illius

551 2024 748 2066 omnes
806 2013 1062 2080 vicimus,
1100 2025 1158 2070 et
1206 2032 1372 2077 cruce
1405 2017 1555 2073 illius
1599 2019 1803 2074 abolita
1843 2028 1928 2074 est
1956 2019 2164 2075 diaboli

551 2105 806 2174 tyrannis
867 2107 1174 2177 mortisque
1238 2111 1511 2178 potentia.
1546 2110 1604 2165 Si
1651 2127 1784 2166 vero
1828 2111 1956 2182 quis
2013 2127 2163 2168 nunc

550 2192 784 2264 objiciat
821 2212 836 2250 :
871 2195 977 2263 Qui
1040 2198 1207 2270 igitur
1257 2201 1555 2271 contingit,
1599 2213 1658 2256 ιιι
1707 2202 1966 2258 homines
1994 2205 2163 2258 etiam

552 2301 708 2342 nunc
741 2290 1080 2356 moriantur,
1109 2302 1166 2347 et
1200 2293 1460 2348 diabolus
1488 2294 1674 2350 adhuc
1721 2296 1866 2350 liber
1896 2297 2011 2351 sit?
2048 2307 2167 2353 ten-

551 2379 675 2435 tare
702 2373 852 2436 ehim
891 2383 1148 2438 homines
1176 2400 1528 2455 nequaquam
1572 2386 1798 2450 desinit,
1825 2386 1920 2442 sed
1947 2402 2166 2442 summo

551 2474 741 2529 studio
771 2489 966 2532 omnes
1013 2477 1081 2532 ad
1125 2477 1468 2546 peccandum
1502 2478 1739 2545 incitat;
1774 2479 1908 2536 huic
1953 2495 2056 2536 nos
2086 2479 2167 2536 sic

553 2567 1024 2638 respondebimus
1069 2587 1083 2624 :
1121 2569 1279 2636 llaec,
1332 2586 1515 2641 quam.
1565 2587 1671 2627 nos
1743 2579 1983 2629 mortem
2043 2588 2166 2630 esse
2229 2570 2235 2575 ’

551 2664 838 2726 putamus,
881 2676 1033 2716 mors
1076 2676 1188 2717 non
1223 2670 1352 2729 est,
1383 2661 1481 2718 sed
1515 2677 1770 2718 somnus.
1817 2661 1960 2720 Olim
2015 2663 2166 2719 enim

554 2770 707 2813 mors
762 2757 888 2813 talis
918 2766 1062 2823 erat,
1117 2773 1240 2828 qua:
1288 2758 1716 2815 resurrectione
1771 2757 2020 2825 carebat,
2068 2757 2165 2815 sed

553 2849 953 2907 detinebantur
989 2851 1046 2908 in
1093 2851 1319 2909 inferno
1354 2852 1578 2916 anima,
1611 2868 1762 2910 nunc
1817 2868 1952 2909 vero
1988 2866 2171 2908 resur-

552 2940 808 2997 rectione
869 2941 1036 2999 nobis
1068 2958 1099 2999 a
1141 2941 1254 2998 Deo
1304 2941 1535 3008 donata,
1568 2952 1833 3015 tanquam
1869 2957 1935 2999 es
1972 2957 2168 3000 somno

553 3037 934 3101 resurrecturi
967 3051 1164 3092 sumus
1203 3050 1400 3093 omnes
1435 3035 1714 3102 homines,
1746 3044 1858 3093 tam
1895 3036 1972 3109 pii
2000 3052 2166 3109 quam

558 3126 736 3226 imp-ii.
767 3127 834 3184 Et
856 3128 1171 3226 considera,
1195 3142 1404 3201 quaeso,
1425 3144 1544 3183 rem
1586 3129 1934 3185 tremendam
1961 3139 2018 3186 et
2038 3129 2170 3186 hor-
2195 3166 2239 3226 ο

557 3219 798 3275 rihilem.
834 3221 894 3274 In
925 3217 1210 3278 hominem
1261 3221 1411 3278 enim
1473 3223 1690 3278 ratione
1723 3231 1780 3278 et
1814 3237 1986 3279 sensu
2031 3239 2172 3293 pra:-

558 3311 737 3365 ditum
786 3311 854 3364 ab
884 3311 1094 3367 Adamo
1123 3326 1276 3368 mors
1308 3312 1584 3385 regnavit,
1627 3314 1682 3367 in
1714 3328 1937 3368 omnem
1993 3303 2175 3368 homi-

557 3420 868 3471 nem;.nec
936 3417 1061 3462 erat
1138 3405 1478 3462 resurrectio
1541 3407 1598 3461 in
1666 3389 1990 3462 hominibus
2051 3409 2171 3464 sine

557 3497 806 3565 Christo,
843 3497 1316 3569 quemadmodum
1339 3499 1628 3570 prophetae
1665 3500 1849 3557 testati
1887 3511 2036 3556 sunt.
2066 3501 2172 3557 Per

557 3587 768 3646 Christi
806 3605 940 3646 vero
977 3596 1212 3646 mortem
1271 3605 1422 3646 mors
1463 3589 1554 3646 illa
1597 3591 1812 3664 dejecta
1856 3603 1944 3648 est
1991 3601 2046 3646 et
2081 3608 2174 3648 su-

559 3695 781 3751 perata,
811 3684 1078 3755 venitque
1128 3681 1470 3738 resurrectio
1523 3697 1540 3738 :
1591 3693 1648 3738 et
1678 3694 1856 3740 morte
1888 3685 2170 3741 confracta

561 3772 833 3828 liberatus
868 3783 951 3828 est
986 3782 1134 3829 totus
1162 3771 1408 3829 mundus
1455 3788 1486 3827 a
1520 3781 1792 3842 potestate
1823 3773 2062 3839 Satante,
2116 3785 2172 3830 et

557 3867 862 3940 prodentes
888 3870 942 3924 in
977 3869 1258 3925 Christum
1283 3880 1465 3927 etnon
1485 3871 1803 3927 credentes.
1830 3872 2059 3940 Omnes,
2089 3875 2172 3927 in-

564 3979 755 4034 quam,
791 3980 820 4018 a
873 3964 1163 4034 tyrannide
1205 3965 1411 4021 diaboli
1447 3973 1580 4020 sunt
1624 3964 1869 4021 liberati.
1914 3965 1984 4021 Et
2013 3981 2168 4032 sane,

565 4056 675 4110 nisi
710 4056 1045 4111 Musulmani
1083 4055 1381 4114 crederent
1407 4058 1876 4112 resurrectionem
1907 4072 2052 4124 esse,
2086 4073 2176 4113 ra-

568 4149 755 4204 tiones
800 4156 983 4206 certas
1033 4148 1383 4215 all‘crremus,
1442 4148 1647 4220 quibus
1705 4165 1830 4205 eam
1881 4164 2176 4221 possemus

567 4239 977 4312 comprobare;
1012 4257 1137 4297 cum
1169 4256 1299 4296 vero
1327 4251 1382 4297 et.
1416 4241 1518 4312 ipsi
1547 4241 1798 4297 eamdem
1833 4241 2175 4314 amplectan-

568 4339 662 4384 tur
700 4339 758 4386 et
783 4340 1127 4402 exspectent,
1169 4346 1646 4402 supervacaneum
1681 4331 1814 4386 mihi
1854 4331 2078 4388 videtur
2107 4331 2176 4388 de

565 4423 657 4504 illa
687 4424 878 4479 multis
911 4425 1207 4480 disserere.
1259 4424 1534 4480 Caeterum
1568 4422 1675 4478 hoc
1705 4424 1883 4478 solum
1914 4424 2172 4492 dicimus,

2263 541 2414 612 μίαν.
2458 542 2633 606 Αὐτὸς
2683 537 2784 611 ἦρε
2818 543 2917 613 τὴν
2965 544 3248 616 ἁμαρτίαν
3302 545 3368 598 ἑκ
3413 545 3509 600 τοῦ
3541 546 3734 618 μέσου,
3761 546 3859 601 καὶ

2263 635 2429 698 αὐτὸς
2461 633 2718 706 ὠδυνήθη
2749 635 2893 706 ύπδρ
2916 637 3101 707 ἡμῶν,
3123 640 3218 692 καὶ
3241 639 3407 702 αὐτὸς
3434 638 3860 710 ἐτρωματίσθη

2261 726 2351 782 διὰ
2385 728 2486 791 τὰς
2526 729 2768 798 ἀνομίας
2819 728 3000 799 ἡμῶν,
3039 731 3124 784 ἵνα
3190 732 3367 796 αύτάς
3419 731 3726 805 ἀπαλείψῃ·
3763 732 3863 784 καὶ

2261 821 2342 892 τῷ
2420 821 2651 892 μώλωπι
2713 822 2882 876 αὑτοῦ
2927 823 3093 892 ἡμεῖς
3149 822 3352 884 πάντες
3409 823 3666 892 ίάθημεν.
3707 822 3769 875 ’0
3807 823 3865 875 δὲ

2263 915 2533 986 θίωοῦσῆς
2568 912 2744 978 οὕτως
2767 914 3019 985 εῑρηκεν,
3057 934 3075 966 ι
3120 915 3357 983 ὐψεσθε
3392 915 3494 983 τὴν
3519 900 3667 986 ζωὴν
3698 913 3865 982 ἡμῶν

2267 1008 2632 1079 κρεμαμένην
2658 1006 2926 1062 ἀπέναντι
2955 1008 3061 1060 τῶν
3096 1007 3397 1076 ὀφθαλμῶν
3425 1007 3602 1076 ὑμῶν.
3646 1028 3664 1059 s
3702 1006 3868 1070 τινος

2269 1101 2384 1171 ζωὴ
2413 1102 2643 1154 δύναται
2683 1102 3071 1171 κρεμασθῆναι
3122 1101 3386 1154 ἀπέναντι
3425 1103 3534 1154 τῶν
3562 1100 3872 1170 ὀφθαλμῶν

2267 1193 2425 1263 ὑμῶν
2455 1213 2469 1261 ;
2502 1193 2729 1256 Πάντως
2759 1193 2998 1255 οὐδενός.
3039 1193 3203 1247 Ἀλλά
3235 1195 3330 1247 καὶ
3367 1192 3530 1262 μόνος
3564 1197 3601 1246 6
3626 1192 3872 1262 Χριστὸς

2267 1280 2588 1355 ἐκρεμάσθη
2639 1284 2736 1335 sui.
2771 1281 2866 1335 τοῦ
2918 1281 3179 1352 σταυροῦ,
3238 1282 3296 1345 ὅς
3337 1285 3545 1351 ἐστινὴ
3598 1281 3712 1348 ζωὴ
3769 1281 3872 1335 τοῦ

2268 1373 2501 1442 κόσμου.
2540 1371 2709 1430 Αὐτὸς
2735 1373 2843 1442 γὰρ
2874 1371 3065 1440 εἴρηκε
3104 1370 3236 1438 περὶ
3266 1368 3458 1432 αὐτοῦ,
3507 1387 3525 1419 ι
3579 1366 3723 1435 Ἐγὼ
3749 1369 3872 1437 είμι

2269 1463 2304 1534 ἡ
2335 1462 2472 1534 ζωὴ,
2499 1462 2612 1533 ἑγὼ
2646 1465 2680 1533 ἡ
2714 1461 2853 1528 666,-,
2886 1463 3000 1530 ἐγὼ
3033 1465 3065 1534 ἡ
3100 1463 3360 1532 ἀλήθεια.
3403 1481 3420 1514 ι
3464 1463 3696 1522 Βλέπεις
3746 1460 3872 1524 πῶς

2272 1553 2433 1611 εἷπον
2465 1558 2516 1610 οί
2549 1560 2832 1628 προορῆται
2865 1560 2996 1626 περὶ
3025 1557 3121 1610 τοῦ
3185 1557 3424 1611 θανάτου
3464 1555 3559 1608 τοῦ
3599 1553 3870 1625 Χριστοῦ,

2270 1648 2348 1711 ὡς
2382 1650 2635 1721 καὶπερὶ
2667 1651 2780 1705 τῶν
2824 1652 3003 1706 ἀλλων
3052 1651 3312 1714 πάντωνς
3355 1649 3452 1701 Διὰ
3493 1649 3652 1702 τοῦτο
3701 1650 3872 1715 γίνω⁴

2275 1761 2374 1797 σκε
2406 1746 2491 1797 ὅτι
2534 1744 2994 1814 ὁμολογουμένως
3050 1741 3324 1796 ἀπέθανεν
3378 1744 3406 1794 6
3466 1742 3728 1811 Χριστὸς,
3774 1741 3871 1793 καὶ

2198 1820 2238 1875 Β
2270 1835 2434 1899 αὑτός
2463 1837 2663 1890 ἐστινό
2718 1835 3062 1906 σταυρωθεὶς
3112 1834 3203 1888 καὶ
3254 1833 3566 1898 ἀποθανὼν,
3623 1832 3718 1884 καὶ
3768 1832 3872 1884 οὐκ

2269 1929 2455 1995 ἀλλος,
2483 1930 2558 1993 ὼς
2591 1930 2751 2000 ὑμεῖς
2785 1927 2975 1996 λέγετε
2996 1945 3010 1958 ’
3044 1930 3139 1980 καὶ
3161 1927 3238 2003 τῷ
3283 1927 3515 1991 μώλωπι
3549 1923 3718 1979 αὐτοῦ
3739 1923 3875 1978 πάν·

2267 2040 2363 2087 τες
2405 2022 2666 2094 ίάθημεν,
2701 2022 2798 2076 καὶ
2826 2021 2906 2091 τῷ
2937 2021 3158 2089 θανάτῳ
3203 2019 3370 2075 αὐτοῦ
3431 2006 3636 2081 πάντες
3698 2019 3873 2081 ἐζωο-

2269 2118 2606 2188 ποιῆθημεν,
2639 2117 2736 2170 καὶ
2786 2119 2854 2184 τῇ
2905 2116 3209 2169 ἀναστάσει
3245 2115 3415 2168 αὑτοῦ
3452 2116 3658 2175 πάντες
3686 2113 3877 2182 ἐνική-

2269 2230 2469 2279 σαμεν,
2499 2211 2596 2265 καὶ
2624 2209 2704 2279 τῷ
2737 2207 2960 2278 σταυρῷ
2992 2206 3160 2260 αὐτοῦ
3195 2206 3527 2276 κατηργήθη
3556 2208 3588 2276 ἠ
3617 2204 3714 2258 τοῦ
3762 2205 3872 2258 δια-

2269 2299 2428 2354 ϐόλου
2457 2297 2737 2366 τυραννὶς.
2766 2297 2864 2350 καὶ
2893 2296 2988 2348 τοῦ
3041 2295 3278 2348 θανάτου
3311 2297 3370 2348 τὸ
3425 2296 3646 2365 κράτος.
3709 2296 3769 2347 Εί
3826 2293 3876 2346 δ’

2268 2392 2403 2453 ἴσως
2437 2390 2557 2460 ips!
2583 2405 2668 2451 τις
2697 2389 2779 2442 ὅτι
2815 2388 2927 2443 Καὶ
2957 2388 3074 2451 πῶς
3107 2389 3224 2441 ἐστι
3260 2387 3444 2453 τοῦτο,
3479 2390 3603 2442 ἐπεὶ
3647 2389 3789 2443 κατά
3812 2389 3876 2441 τὸ

2278 2483 2456 2554 παρὸν
2482 2483 2532 2535 oi
2593 2481 2880 2552 ἀνθρωττοι
2920 2481 3391 2552 ἀποθνήσκουσιν,
3427 2485 3520 2535 καὶ
3555 2484 3583 2535 6
3623 2481 3875 2544 διάϐολος

2271 2575 2352 2630 ἔτι
2389 2574 2682 2646 ἐλεύθερός
2709 2576 2849 2638 ἔστι,
2901 2573 3084 2644 διόλου
3145 2575 3257 2643 γάρ
3296 2573 3586 2644 πειράζειν
3614 2576 3742 2637 τοὺς
3775 2576 3876 2630 ἀν-

2271 2664 2527 2736 θρώπους
2549 2663 2612 2720 ού
2643 2647 2903 2730 παύεται,
2965 2663 3102 2717 ἀλλά
3127 2664 3343 2735 μεγάλῃ
3375 2667 3443 2736 τῇ
3504 2664 3715 2736 σπουδῇ
3768 2665 3879 2719 διε-

2271 2758 2450 2830 γείρει
2482 2757 2667 2812 πάντα
2702 2756 2998 2829 ἄνθρωπον
3024 2756 3410 2826 ἁμαρτάνει-ις
3433 2758 3597 2825 ἡμεῖς
3635 2754 3878 2827 ἐροῦμεν

2272 2852 2407 2924 πρὸς
2430 2851 2596 2905 αὐτὸν
2631 2848 2840 2914 οὕτως,
2888 2849 2970 2904 ὅτι
3000 2849 3029 2902 6
3081 2847 3440 2918 νομιζόμενος
3497 2847 3730 2912 Θάνατος
3773 2847 3876 2902 οὐκ

2271 2944 2389 3000 Ιστι
2412 2943 2669 3008 θάνατος,
2706 2940 2844 2994 ἀλλά
2867 2939 3056 3002 ῦπνος.
3101 2937 3238 2992 Τότε
3271 2937 3384 3008 γὰρ
3437 2932 3510 3008 ἦν
3551 2939 3581 2991 6
3640 2936 3877 3002 Θάνατος

2273 3038 2527 3100 θάνατος,
2556 3037 2646 3089 ὅτε
2675 3035 2776 3090 οὐκ
2804 3027 2872 3107 ἦν
2904 3033 3229 3096 ἀνάστασις,
3275 3030 3414 3086 ἀλλὰ
3464 3031 3789 3100 κατείχοντο
3818 3032 3880 3085 αἱ

2270 3130 2444 3201 ψυχαὶ
2471 3129 2578 3182 ὑπὸ
2608 3126 2704 3182 τοῦ
2762 3126 2918 3199 ᾅδου.
2956 3124 3072 3179 Νῦν
3124 3125 3181 3178 δὲ
3237 3126 3396 3214 hrle
3424 3124 3686 3214 ἐδωρήθη
3711 3127 3872 3214 Ϋὴμῖν

2277 3219 2428 3292 παρὰ
2456 3217 2595 3271 Θεοῦ
2620 3218 2670 3287 ζὴ
2735 3217 3057 3279 ἀνάστασις,
3121 3214 3197 3277 ὡς
3255 3212 3315 3279 ἐξ
3373 3212 3549 3266 ὕπνου
3605 3212 3880 3283 μέλλομῖν

2275 3310 2583 3381 ἀναστῆναι
2616 3310 2820 3373 πάντες
2852 3308 3155 3385 ἄνθρωποι
3204 3307 3259 3361 οί
3290 3324 3349 3360 τε
3390 3305 3661 3371 εὐσεϐεῖς,
3709 3305 3764 3359 οἷ
3815 3323 3880 3359 τε

2275 3405 2520 3467 ἀσεϐεῖς.
2556 3401 2669 3455 Καὶ
2699 3402 2892 3455 σκόπει
2955 3401 3193 3470 πρᾶγμα
3227 3400 3461 3469 φοϐερὸν
3515 3400 3610 3452 καὶ
3669 3398 3880 3469 φρίκης

2277 3499 2448 3568 γέμον
2489 3497 2569 3561 εἷς
2590 3495 2882 3566 ἄνθρωπον
2914 3495 3105 3566 ἔχοντα
3126 3492 3252 3548 νοῦν
3294 3493 3392 3545 καὶ
3420 3493 3700 3564 αίσθησιν.
3741 3493 3882 3545 ’Δπδ

2275 3589 2374 3643 τοῦ
2429 3588 2603 3659 Ἀδάμ
2639 3587 2996 3643 ἐϐασίλευσεν
3027 3589 3055 3642 6
3081 3587 3318 3648 θάνατος
3343 3586 3422 3648 είς
3452 3586 3634 3639 πάντα
3663 3584 3881 3653 ἀνθρω-

2278 3699 2402 3748 πον,
2441 3683 2538 3734 καὶ
2563 3682 2665 3737 οὐκ
2693 3676 2763 3753 ἦν
2801 3683 3100 3745 ἀνάστασις
3137 3681 3196 3734 εν
3226 3680 3342 3743 τοῖς
3393 3676 3713 3751 ἀνθρώποις
3748 3677 3882 3731 ἄνευ

2277 3774 2374 3827 τοῦ
2415 3774 2680 3845 Χριστοῦ,
2719 3773 2904 3838 καθὼς
2934 3772 3089 3844 παρά
3111 3773 3220 3828 τῶν
3248 3771 3550 3844 προφητῶν
3598 3767 3886 3840 μεμαρτύ-

2281 3880 2468 3933 ρηται.
2503 3862 2604 3917 Διά
2630 3863 2687 3915 δὲ
2716 3862 2811 3916 τοῦ
2845 3862 3082 3916 θανάτου
3126 3860 3223 3915 τοῦ
3256 3859 3502 3932 Χριστοῦ
3564 3859 3885 3928 κατεϐλήθη

2279 3955 2308 4008 6
2340 3954 2601 4019 θάνατος,
2636 3954 2731 4008 καὶ
2760 3935 2930 4025 ἦλθεν
2953 3956 2987 4024 ἡ
3033 3953 3357 4016 ἀνάστασις,
3391 3953 3487 4006 καὶ
3548 3950 3887 4006 καταλυθέν-

2278 4064 2371 4110 τος
2402 4046 2496 4101 τοῦ
2524 4045 2785 4112 θανάτου,
2837 4028 3192 4116 ἠλευθερώθη
3249 4042 3394 4106 ἄπας
3427 4044 3457 4096 6
3519 4043 3729 4112 κόσμος
3771 4042 3888 4097 ἀπὸ

2277 4139 2378 4210 τῆς
2415 4139 2669 4205 ἐξουσίας
2691 4138 2782 4194 τοῦ
2816 4139 3056 4204 Σατανᾶ,
3101 4138 3194 4190 καὶ
3244 4137 3294 4189 οἱ
3345 4125 3754 4197 πιστεύσαντες
3787 4141 3890 4189 καὶ

2279 4235 2331 4288 ot
2365 4234 2441 4305 μὴ
2467 4234 2867 4296 πιστεύσαντες
2903 4234 2984 4296 είς
3015 4231 3107 4284 τὸν
3136 4229 3378 4301 Χριστὸν
3413 4230 3512 4300 τῆς
3562 4227 3889 4300 τυραννίδος

2278 4328 2376 4382 τοῦ
2421 4326 2677 4381 διαϐόλου
2763 4327 2968 4388 πάντες
3034 4321 3516 4395 ἠλευθερώθησαν.
3585 4323 3696 4374 Καὶ
3753 4321 3889 4384 tam;

2281 4421 2444 4489 εἴπερ
2479 4419 2638 4473 οὐδὲν
2662 4419 2954 4473 ἐπίστευον
3009 4417 3059 4470 οἱ
3093 4399 3524 4485 Μουσουλμάνοι
3571 4411 3716 4467 εῖναι
3755 4413 3891 4468 ἀνά·

567 4502 1044 4587 quemadmodum
1083 4514 1404 4586 accepimus
1431 4522 1489 4570 et
1522 4528 1717 4594 sumus
1750 4513 1934 4570 edocti
1979 4530 2046 4570 ex
2084 4527 2169 4594 sa-

2284 4529 2498 4576 στασιν,
2540 4511 2809 4581 ἐλέγομεν
2841 4510 2909 4563 ἂν
2940 4509 3138 4578 λόγους
3196 4507 3527 4568 δεικνύντας
3581 4502 3889 4561 εἶναιταύ-

564 4624 659 4663 cra
694 4607 1006 4678 Scriptura,
1048 4623 1214 4677 quam
1248 4614 1306 4662 et
1325 4589 1667 4662 Musulmani
1700 4621 1910 4662 sacram
1943 4597 2064 4678 esse
2086 4589 2174 4662 fa-

569 4709 781 4763 tentur,
805 4697 1012 4753 Christi
1038 4684 1516 4754 resurrectio'toti
1539 4698 1750 4753 mundo
1784 4699 2014 4755 utilitati
2045 4686 2172 4755 fuit.

562 4792 644 4847 De
693 4790 918 4846 diabolo
967 4801 1156 4846 autem
1203 4792 1287 4846 sic
1337 4791 1578 4847 dicimus
1615 4789 1923 4858 :Quamvis
1954 4841 1957 4844 _
1990 4790 2174 4846 adhuc

563 4882 816 4945 nondum
845 4881 1254 4937 condemnatus
1302 4881 1373 4936 sit
1407 4882 1460 4935 in
1492 4881 1674 4936 locum
1711 4868 2022 4953 proprium.
2055 4896 2174 4952 pae-

568 4989 674 5039 nm,
727 4985 1022 5044 propterea
1050 4973 1197 5043 quod
1223 4973 1519 5046 judicium,
1554 4977 1702 5044 quod
1746 4973 2173 5046 Christusjudi-

564 5075 798 5122 'caturus
847 5076 959 5129 est,
1010 5068 1257 5120 nondum
1302 5075 1644 5122 transactum
1696 5066 1787 5131 sit,
1837 5068 1942 5124 hoc
1991 5079 2174 5123 tamen

566 5160 829 5214 veniente
862 5159 1119 5214 diabolus
1146 5159 1328 5229 ignem
1363 5159 1720 5215 ltazreditabit
1748 5160 2176 5232 inexstinguibi-

566 5254 700 5319 lem,
731 5255 824 5323 qui
856 5253 1009 5306 illum
1043 5261 1251 5307 manet.
1301 5252 1370 5308 Et
1395 5255 1652 5324 quamvis
1690 5255 1946 5308 videatur
1978 5255 2069 5310 ille
2093 5254 2173 5310 vi-

568 5362 723 5412 vere,
757 5361 856 5418 pro
891 5357 1108 5400 mortuo
1141 5357 1322 5401 tamen
1357 5359 1441 5404 est
1473 5349 1784 5413 habendus,
1831 5349 2061 5420 perinde
2109 5364 2173 5405 ac

572 5437 618 5493 si
653 5435 1183 5510 homicida'aliquis,
1223 5451 1318 5496 aut
1351 5439 1464 5510 fur,
1496 5442 1708 5498 aliusve
1749 5444 2049 5514 quispiam,
2079 5444 2176 5514 qui

573 5533 812 5602 (apitale
859 5534 1087 5605 aliquod
1134 5536 1418 5590 commisit
1454 5534 1692 5602 facinus,
1728 5552 1757 5590 ιι
1806 5551 1934 5607 rege
1981 5536 2178 5607 capitis

573 5625 853 5695 supplicio
883 5626 1231 5698 adjudicatus
1263 5627 1456 5693 fuerit,
1488 5627 1621 5684 licet
1648 5638 1773 5698 post
1806 5628 1950 5686 hanc
1983 5644 2014 5661 ἰ
2051 5644 2177 5684 “ese

653 5813 680 5844 ⁸
720 5812 880 5868 Deut.
910 5829 1103 5881 xxvm,
1136 5813 1222 5871 66.
1305 5821 1324 5851 ⁸
1366 5815 1522 5871 Joan.
1580 5831 1689 5880 xiv,
1727 5813 1779 5868 6.

2275 4619 2386 4676 την
2426 4603 2634 4675 ἀληθῆ.
2676 4602 2836 4656 Ἐπεὶ
2866 4602 2925 4655 δὲ
2963 4601 3060 4656 καὶ
3094 4600 3252 4656 att-sol
3310 4599 3625 4669 στέργουσι,
3660 4598 3760 4653 καὶ
3789 4600 3890 4653 ὲκ-

2277 4695 2531 4767 δὲχονται
2559 4692 2765 4765 ταύτην
2785 4693 2853 4767 δὴ
2901 4695 3001 4764 τὴν
3055 4692 3381 4757 ἀνάστασιν,
3424 4690 3693 4762 περισσὸν
3746 4692 3889 4763 ἥγη-

2282 4807 2384 4860 μαι
2445 4787 2629 4857 λέγειν
2673 4789 2771 4841 καὶ
2835 4787 3075 4856 γράφειν
3114 4785 3245 4856 περὶ
3275 4781 3505 4853 ταύτης.
3541 4785 3794 4855 Δὲγομεν
3829 4782 3891 4838 δὲ

2281 4883 2444 4952 μόνον
2475 4880 2658 4946 τοῦτο,
2684 4880 2770 4934 ὅτι
2798 4879 2985 4942 καθὼς
3027 4875 3421 4948 παρελάϐομεν
3461 4877 3558 4930 καὶ
3583 4875 3881 4946 ἐδιδάχθη-

2283 4989 2386 5044 μεν
2410 4971 2524 5026 ἀπὸ
2561 4971 2660 5042 τῆς
2692 4970 2854 5040 ἀγίας
2882 4971 3132 5041 Γραφῆς,
3181 4970 3248 5040 ἢν
3278 4969 3374 5022 καὶ
3421 4970 3472 5022 οἱ
3510 4969 3892 5039 Μουσουλμάο

2283 5084 2364 5121 νοι
2398 5067 2561 5135 ἁγίαν
2590 5064 2873 5129 καλοῦσιν,
2916 5065 2950 5136 ἡ
2984 5064 3080 5118 τοῦ
3108 5063 3352 5136 Χριστοῦ
3399 5063 3706 5127 ἀνάστασις
3739 5062 3890 5130 ὠφέ-

2281 5161 2404 5214 λεια
2433 5160 2652 5228 ἐγένετο
2677 5159 2738 5212 ἐν
2769 5160 2878 5230 ὅλῳ
2903 5157 2981 5229 τῷ
3014 5159 3226 5229 κόσμῳ.
3256 5159 3389 5227 Περὶ
3423 5157 3480 5210 δε
3514 5156 3612 5209 τοῦ
3634 5155 3890 5210 διαϐόλου

2285 5256 2521 5326 λέγομεν
2556 5253 2736 5318 τοῦτο,
2769 5254 2852 5307 ὅτι
2882 5253 2931 5306 εί
2961 5252 3054 5306 καὶ
3077 5253 3264 5322 ἀκμὴν
3295 5253 3358 5305 οὐ
3400 5249 3770 5314 κατεδικάσθη
3795 5249 3894 5302 εὖ·

2256 5407 2258 5410 ,
2286 5347 2575 5419 ρίσκεσθαι
2601 5347 2682 5409 είς
2717 5345 2810 5400 τδν
2847 5347 2979 5399 ἴδιον
3003 5346 3168 5397 τόπον
3201 5344 3292 5398 τὸν
3325 5344 3423 5413 τῆς
3465 5343 3770 5407 κολάσεως,
3792 5340 3891 5396 διὰ

2283 5439 2345 5490 τὸ
2389 5441 2464 5509 μὴ
2497 5439 2784 5507 γεγονέναι
2815 5437 2916 5507 τὴν
2943 5435 3127 5506 κρίσιν
3186 5433 3398 5503 ἀκμὴν,
3436 5432 3504 5504 ἢν
3535 5432 3726 5504 μέλλει
3759 5432 3890 5501 xpl-

2286 5550 2400 5585 νειν
2431 5535 2456 5586 6
2487 5531 2726 5602 Χριστός
2757 5546 2770 5560 ·
2829 5515 2959 5584 ἀλῗ⁵
2982 5525 3076 5582 οὖν
3133 5527 3384 5590 ἐλθόντος
3435 5526 3653 5588 τούτου,
3694 5521 3890 5595 μέλλει

2290 5627 2731 5695 κλτόυνομῦσειν
2776 5626 2802 5677 6
2828 5624 3073 5688 διάϐολος
3099 5625 3160 5677 τὸ
3191 5621 3556 5686 ἀτελεύτητον
3577 5619 3712 5687 πῦρ,
3742 5619 3887 5689 ὅπερ
