4144 6320
183 340 305 404 545

1159 337 1464 399 CONTRA
1509 337 2002 400 ΜΑῊΟΜΕΤΕΜ
2044 335 2426 428 APOLOGIA
2464 336 2562 402 IV.

3386 339 3494 410 διο

186 454 344 524 ἀπερ
367 450 436 506 τά
460 451 632 520 ἀλογα
654 450 769 516 ζῶα
793 450 941 521 νόμῳ
959 451 1177 520 φύσεως
1196 452 1261 503 οὐ
1287 447 1523 515 ποιοῦσι,
1547 453 1722 504 ταυτα
1751 449 1781 502 ό

1902 459 1972 504 :st
2010 449 2118 518 (est
2163 447 2311 503 enim
2367 449 2620 504 cordium
2652 451 2982 519 scrutator),
3024 467 3126 509 nec
3157 469 3489 526 personam.

186 536 446 616 Μώάμεθ
487 544 794 616 νομοθετῶ
827 544 924 608 Τίς
959 549 1069 614 γάρ
1102 540 1208 597 εἶδε
1237 544 1430 597 λέοντα
1449 544 1642 596 λέοντα
1681 561 1786 613 φα-

184 639 337 706 γεῖν,
360 638 394 708 ῆ
419 636 623 706 ἀρκτον
645 635 924 706 ἀρκτον,ῆ
964 635 1238 704 πάρδαλιν
1270 634 1539 706 πάρδαλιν
1564 651 1580 700 ;
1613 628 1788 698 Οὗτος

186 727 245 780 δι
271 725 588 792 ἀναφανδὸν
614 725 854 779 διδάσκει
877 726 1124 793 φονεύειν
1141 721 1231 780 τὸν
1255 725 1543 795 ἄνθρωπον
1573 724 1788 794 ἀνθρω-

188 834 324 871 πον.
349 818 462 871 Καὶ
499 816 586 880 τίς
612 817 864 888 μάταιος,
892 817 1046 884 ὅστις
1095 817 1286 888 μέλλει
1325 817 1573 886 δέξεσθαι
1597 815 1790 871 τοῦτον

187 907 342 963 εἶναι
361 908 472 964 ἀπὸ
488 907 628 964 Θεοῦ
645 927 661 976 ;
678 909 800 966 οὐδὲ
821 911 932 982 γάρ
948 912 1204 982 ἀρπαγάς
1221 911 1315 975 καὶ
1334 912 1528 984 φόνους
1546 912 1790 966 διδάσκει

187 1001 354 1065 Θεός.
391 1001 536 1073 Πρὸς
558 1002 617 1056 δὲ
649 1002 884 1069 τούτοις,
912 1004 996 1058 δτι
1025 1005 1122 1058 καὶ
1148 991 1322 1058 κακία
1355 1005 1556 1069 κακίας
1587 1001 1790 1058 endo.

195 1093 384 1147 σεται.
418 1093 589 1163 Λέγει
619 1094 751 1166 γὰρ,
783 1095 866 1148 δτι
901 1095 975 1150 Ἢ
1017 1094 1468 1164 ἀποθανέτωσαν,
1497 1097 1530 1171 ἢ
1581 1096 1788 1168 φόρους

189 1172 521 1248 διδότωσαν,
578 1187 674 1240 καὶ
730 1187 1060 1242 ἀλλάσσεται
1134 1188 1294 1258 φόνος
1350 1189 1787 1263 φιλοχρηματίᾳ.

190 1277 274 1332 οὐ
313 1278 476 1346 μόνον
508 1276 564 1331 δὲ
601 1278 766 1350 μέχρι
797 1280 990 1336 τούτου
1020 1281 1054 1351 ἡ
1104 1281 1276 1334 κακία
1307 1281 1466 1354 ἔστη,
1517 1280 1657 1336 ἀλλά
1694 1281 1792 1337 καὶ

191 1371 518 1442 περαιτέρω
541 1372 776 1444 προέϐη.
827 1372 894 1425 Τί
924 1373 1033 1445 γάρ
1084 1375 1183 1444 τῆς
1219 1376 1480 1448 τοιαύτης
1501 1375 1791 1448 ὠμότητος

193 1465 302 1539 καὶ
344 1465 767 1535 μισανθρωπίας
794 1460 977 1537 χεῖρον
1013 1467 1213 1536 γένοιτ’
1237 1467 1327 1535 ἀν,
1360 1467 1502 1522 ὥστε
1536 1468 1789 1540 φονεύειν

199 1557 379 1628 μηδὲν
411 1558 750 1629 ἠδικηκότας
775 1575 792 1626 ;
831 1559 929 1613 καὶ
958 1561 1069 1632 γὰρ
1093 1564 1298 1616 ὁπόταν
1325 1561 1606 1617 ἀπέλθωσι
1639 1564 1794 1618 Mou-

196 1651 504 1720 σουλμάνοι
540 1643 689 1722 πρὸς
739 1652 1005 1724 πόλεμον,
1037 1654 1132 1707 καὶ
1184 1655 1243 1708 ὲν
1267 1653 1345 1725 τῷ
1378 1654 1604 1726 πολέμῳ
1650 1655 1794 1728 πέσῃ

196 1754 286 1802 τις
321 1738 382 1804 ἐξ
421 1739 623 1804 αὐτῶν,
678 1740 740 1793 οὒ
780 1739 1081 1810 λογίζονται
1139 1745 1366 1806 ἑαυτοὺς
1419 1744 1606 1811 ἀξίους
1647 1745 1792 1815 μέμ-

1893 541 1988 596 sed
2025 555 2126 596 cor
2157 542 2406 612 respicit.
2442 542 2511 598 Et
2539 559 2663 614 quae
2695 544 2860 600 bruta
2891 536 3152 603 animalia
3182 563 3281 619 per
3316 547 3495 620 legem

1897 643 2110 690 natura:
2151 648 2263 689 non
2312 634 2546 704 iaciunt,
2593 649 2660 691 ea
2708 635 2929 709 legibus
2973 638 3144 711 exigit
3189 621 3493 700 Mahomet.

1892 723 2029 791 Quis
2077 726 2228 781 enim
2275 726 2495 783 leonem
2530 741 2562 783 a
2592 727 2756 784 leone
2800 729 3059 805 devorari
3092 732 3254 800 vidit,
3287 742 3384 790 aut
3413 735 3488 790 ab

1894 829 2026 871 urso
2054 831 2270 883 ursum,
2308 826 2405 872 aut
2431 831 2460 872 a
2488 817 2703 888 pardali
2738 818 3010 890 pardalim
3033 822 3059 877 τ
3083 823 3185 881 Hic
3218 839 3352 881 vero
3380 839 3496 880 ma-

1866 905 2094 963 nifeste
2141 906 2376 970 homini,
2420 917 2483 964 ut
2514 904 2800 978 hominem
2841 910 3394 987 occidat,.precipit.
3427 911 3496 972 Et

1893 997 2020 1068 quis
2048 1005 2159 1052 tam
2187 1011 2386 1065 vanus,
2414 1005 2472 1054 ut
2501 997 2652 1055 hunc
2672 1013 2704 1056 ε
2733 998 2847 1056 Deo
2876 1015 3001 1058 esse
3031 1003 3353 1062 crediturus
3371 1005 3498 1062 sm

1896 1088 2041 1146 Deus
2064 1089 2213 1144 enim
2243 1089 2473 1160 rapinas
2503 1097 2562 1147 et
2600 1088 2786 1155 cedes
2809 1106 2921 1148 non
2952 1095 3226 1168 praecipit.
3261 1095 3346 1153 Ad
3377 1097 3495 1154 hare

1894 1183 2079 1238 scelus
2122 1182 2320 1238 sceleri
2354 1191 2728 1254 permutatur.
2764 1183 2912 1242 Dicit
2941 1186 3092 1242 enim
3153 1206 3168 1245 :
3226 1189 3339 1246 Aut
3371 1205 3466 1246 mo

1895 1274 2133 1340 riantur,
2213 1282 2309 1330 aut
2364 1275 2635 1336 tributum
2679 1276 2919 1335 solvant.
2994 1277 3089 1337 Sic
3130 1280 3282 1337 enim
3317 1282 3496 1339 cades

1895 1375 2246 1438 permutatur
2274 1366 2532 1425 avaritia.
2555 1366 2678 1425 NOn
2707 1377 2890 1426 tamen
2924 1370 3071 1426 inter
3096 1372 3200 1429 hos
3223 1375 3496 1431 terminos

1895 1457 2078 1513 scelus
2101 1452 2380 1525 c'onsistit,
2409 1458 2869 1516 sed-extenditur
2897 1462 3140 1534 longius.
3171 1464 3316 1532 Quid
3342 1466 3498 1521 enim

1863 1559 2054 1608 .tanta
2107 1551 2440 1608 crudelitate
2492 1560 2551 1607 et
2586 1553 2732 1610 .odio
2785 1554 3287 1635 humani'generis
3337 1560 3499 1632 pejus

1896 1650 2004 1709 est,
2033 1651 2092 1697 ut
2121 1643 2292 1698 etiam
2327 1643 2455 1700 illos
2492 1645 2760 1713 trucidet,
2791 1646 2886 1717 qui
2921 1649 3062 1703 nihil
3093 1649 3224 1706 mali
3255 1651 3500 1706 admisu

1901 1733 2164 1791 rnnIYSi
2207 1736 2358 1791 enim
2414 1736 2785 1812 Musulmsnis
2829 1740 2884 1796 in
2936 1740 3147 1798 bellum
3205 1744 3501 1814 proleCtis.

193 1831 374 1899 ψεως,
398 1832 474 1898 ὡς
513 1833 726 1898 αἰτίους
787 1833 883 1889 τοῦ
917 1836 1184 1906 πολέμου,
1209 1823 1332 1890 ’ἀλλ’
1355 1839 1449 1892 ἐπὶ
1495 1840 1557 1892 τὸ
1596 1813 1794 1909 νεκρὸν

1902 1826 2100 1897 aliquis
2141 1826 2366 1882 illorum
2411 1827 2704 1894 ceciderit,
2738 1845 3096 1903 nequaquam
3145 1813 3383 1904 seipsos,
3438 1845 3501 1888 ut

198 1925 369 1995 σῶμα
404 1925 499 1978 τοῦ
555 1929 909 1993 πεπτωκότος
944 1931 1242 1999 σφάττουσι
1273 1931 1484 1996 ζῶντας
1532 1933 1692 1995 ὅσους
1730 1933 1795 1985 ἂν

195 2015 408 2086 δυνηθῇ
439 2015 694 2084 ἕκαστος,
727 2019 820 2072 καὶ
860 2019 985 2074 ὅσον
1024 2010 1241 2083 πλείους
1284 2022 1509 2086 κτείνει,
1537 2021 1796 2075 τοσοῦτον

199 2107 481 2174 ὠφέλειαν
510 2107 789 2186 λογίζεται
817 2110 915 2179 τῆς
946 2111 1041 2165 τοῦ
1076 2113 1376 2176 τεθνεῶτος
1403 2113 1603 2184 ψυχῆς.
1649 2114 1714 2168 Εἰ
1747 2113 1795 2167 δ’

199 2201 338 2264 ῐσως
369 2202 480 2255 αύκ
506 2200 622 2272 ἔχει
651 2203 852 2268 αὐτοὺς
882 2205 962 2268 είς
998 2205 1253 2271 ἐξουσίαν
1284 2205 1456 2261 αὑτοῦ
1479 2209 1507 2261 ὁ
1527 2207 1796 2279 βουλόμε-

197 2309 294 2357 νος
330 2292 598 2365 βοηθῆσαι
632 2298 698 2367 τῇ
716 2295 812 2350 τοῦ
834 2296 1126 2364 τεθνεῶτος
1156 2297 1331 2370 ψυχῇ,
1354 2297 1637 2365 ἐξωνείται
1663 2300 1704 2354 Χ
1715 2318 1798 2372 ρισ-

199 2385 485 2453 στιανοὺς,
510 2386 668 2457 εῐπερ
694 2386 868 2458 εὕροι,
897 2391 992 2442 καὶ
1033 2388 1066 2460 ἢ
1120 2391 1309 2446 ἐπάνω
1336 2391 1430 2446 τοῦ
1463 2392 1660 2462 νεκροῦ
1692 2392 1819 2464 σὼοι

202 2492 378 2544 ματος
422 2477 650 2544 σφάττει
676 2479 901 2546 αὐτοὺς,
932 2481 963 2552 ἢ
1001 2482 1092 2540 ἀπὶ
1131 2482 1210 2551 τῷ
1231 2482 1389 2553 τάφῳ
1414 2483 1604 2537 αὐτοῦ.
1634 2485 1748 2538 Καὶ
1770 2485 1798 2536 ὁ

197 2565 383 2622 ταῦτα
437 2568 750 2637 νομοθετῶν
803 2569 920 2636 πῶς
958 2572 1067 2626 ἀπὸ
1119 2571 1300 2640 Θεοῦ;
1335 2574 1458 2628 Ἔτι
1511 2575 1798 2645 νομοθετεῖ

198 2658 288 2712 ὅτι
326 2658 388 2711 'U
412 2645 543 2723 δοὺς
568 2669 635 2732 τῃ
666 2662 844 2734 πόρνῃ
875 2665 1160 2733 μίσθωμα,
1216 2668 1310 2721 καὶ
1349 2667 1638 2737 κοιμηθεὶς
1675 2669 1795 2737 μετ’

198 2752 378 2822 αὐτῆς
408 2752 507 2824 οὐχ
557 2753 892 2825 ἁμαρτάνει.
941 2758 1050 2810 Καὶ
1076 2761 1103 2812 ὁ
1136 2757 1465 2828 βιασάμενος
1517 2759 1790 2830 παρθένον

202 2845 546 2915 ἁμαρτάνει,
574 2847 602 2899 ὁ
629 2847 687 2900 δὲ
729 2849 872 2918 μετά
916 2851 1014 2918 τῆς
1049 2850 1326 2920 θελήσεως
1372 2852 1544 2922 αὐτῆς
1591 2868 1795 2924 κοιμηο

203 2935 326 3000 θεὶς
360 2937 483 3007 μετ’
505 2938 678 3008 αὐτῆς
709 2941 809 3008 οὐχ
845 2939 1178 3010 ἁμαρτάνει.
1224 2943 1335 2994 Καὶ
1364 2942 1461 3007 ιάν
1514 2941 1796 3012 αίχμαλω-

203 3027 366 3090 τίδας
424 3046 510 3093 τις
572 3029 711 3101 λάϐῃ
762 3033 820 3084 ὲν
883 3033 1126 3102 πολέμῳ,
1169 3033 1384 3098 εξεστιν
1440 3033 1591 3103 αύτῷ
1623 3036 1798 3088 ποιεῖν

205 3121 299 3174 ἐπ’
332 3120 524 3185 αὑταῖς
550 3122 579 3174 ὃ
603 3122 854 3192 βούλεται
908 3123 1229 3187 ἀκωλύτως.
1284 3127 1340 3179 ’0
1374 3125 1505 3193 γοῦν
1538 3125 1793 3196 πορνείας

204 3215 307 3269 καὶ
335 3214 815 3286 παρθενοφθορίας
843 3215 1154 3286 νομοθετῶν
1190 3216 1304 3280 πῶς
1335 3217 1443 3271 ἀπὸ
1479 3217 1655 3284 Θεοῦ;
1689 3219 1794 3270 Καὶ

201 3307 268 3359 τὸ
307 3305 370 3375 δή
397 3306 698 3378 χείριστον,
755 3306 840 3360 ὃτι
879 3309 1008 3372 τοὺς
1061 3309 1205 3362 κατά
1260 3308 1357 3380 τὴν
1386 3309 1664 3381 ἀποδοχὴν
1701 3309 1798 3363 τοῦ

203 3401 342 3454 Θεοῦ
381 3403 874 3472 περιπατήσαντας
934 3404 993 3455 ἂν
1048 3402 1126 3472 τῷ
1181 3405 1413 3474 παρόντι
1455 3404 1612 3458 αἰῶνι
1659 3406 1801 3476 μετά

200 3498 309 3566 τὴν
358 3494 569 3549 ἐνθένδε
630 3494 934 3548 ἀποσίωσιν
993 3497 1176 3549 αὐτῶν
1216 3498 1419 3568 λουτρά
1475 3500 1566 3551 καὶ
1613 3499 1801 3561 οίκους

205 3588 562 3657 περικαλλείς
620 3588 716 3641 καὶ
747 3589 1043 3657 ⁸γυναῖκας
1104 3592 1416 3661 παρθένους
1463 3592 1549 3644 ὅτι
1598 3592 1801 3656 πολλρς

207 3680 558 3748 ὑπισχνεῖται
623 3677 951 3749 δοθήσεσθαι
1000 3680 1086 3733 ἑνὶ
1145 3681 1364 3749 ἑκάστῳ
1426 3683 1579 3754 παρά
1639 3678 1798 3752 Θεοῦ,

207 3774 320 3827 Καὶ
343 3771 484 3843 ὅπερ
520 3771 571 3824 οί
621 3771 741 3824 -τῶν
798 3771 1207 3844 είδωλολατρῶν
1268 3773 1541 3844 Ἑλλήνων
1601 3773 1802 3844 ὄνομα-

207 3864 434 3933 ζόμενοι
467 3863 711 3932 θεολόγοι
760 3863 861 3916 οὐκ
912 3857 1089 3929 εἷπον,
1138 3864 1261 3918 οὐδὲ
1321 3864 1580 3934 ἐνόμισαν
1628 3860 1798 3931 εῐναι,

205 3957 386 4009 ταῦτα
419 3953 448 4006 ὁ
471 3954 717 4024 Μωάμεθ
743 3955 1260 4028 ἀνακεκαλυμμένῳ
1289 3955 1367 4027 τῷ
1398 3955 1689 4031 προσώπῳ
1712 3972 1800 4009 νο-

209 4047 461 4119 μοθετεί.
506 4045 741 4100 Ἐκεῖνοι
782 4047 892 4118 γάρ
949 4044 1092 4101 οὕτω
1127 4049 1406 4118 λέγουσιν,
1441 4048 1526 4102 ὅτι
1586 4049 1636 4102 οι
1701 4049 1802 4119 μὲν

209 4141 396 4205 καλῶς
450 4141 640 4196 ινθάδε
674 4139 996 4212 βιώσοντες,
1047 4142 1188 4195 επάν
1222 4141 1541 4196 ἀποθάνωσι
1576 4142 1673 4197 καὶ
1703 4159 1804 4196 κα-

209 4234 400 4307 θαρῶς
425 4234 863 4305 ἀποδημήσωσιν
893 4234 947 4288 al
1004 4234 1178 4304 ψυχαὶ
1225 4235 1336 4289 ἀπὺ
1362 4235 1472 4290 τῶν
1504 4237 1800 4308 σωμάτων,

209 4331 295 4393 είς
343 4329 473 4393 τοὺς
526 4327 686 4390 θεοὺς
743 4329 1107 4397 ἀπέρχονται,
1171 4334 1266 4384 καὶ
1321 4331 1460 4399 μετά
1497 4330 1607 4384 τῶν
1657 4331 1800 4384 θεῶν

208 4416 564 4492 εὑρίσκονται
609 4421 690 4481 είς
728 4420 823 4492 τὰς
849 4421 958 4473 τῶν
991 4422 1513 4494 μακάρων’νήσους,
1559 4410 1656 4476 καὶ
1682 4423 1801 4494 μετ’

210 4513 394 4568 αὐτῶν
449 4513 920 4582 συναγάλλονταιί
954 4515 1065 4568 τῶν
1092 4515 1148 4568 δὲ
1205 4517 1393 4580 κακῶς
1427 4517 1616 4571 uota:
1670 4515 1795 4586 βιω·

212 4609 452 4673 σάντων,
487 4607 584 4662 καὶ
611 4607 966 4680 ἀκαθάρτων,
999 4611 1092 4664 καὶ
1150 4611 1582 4682 μεμολυσμένων
1631 4609 1802 4664 ἀπελ-

198 4704 441 4773 θόντων,
472 4702 527 4756 αί
558 4701 767 4756 τούτων
799 4702 970 4774 ψυχαὶ
1022 4705 1101 4767 είς
1135 4703 1401 4774 ζοφώδεις
1437 4704 1534 4756 καὶ
1590 4719 1802 4756 σκοτει-

210 4794 338 4858 νοῦς
372 4793 711 4865 ἀπέρχονται
745 4797 971 4862 τόπους,
1001 4796 1096 4853 καὶ
1148 4798 1230 4861 είς
1259 4797 1353 4856 τὸν
1411 4795 1660 4867 ποταμὸν
1701 4794 1796 4848 τὸν

214 4887 726 4957 Πυριφλεγέθοντα.

288 4981 367 5048 ς’.
425 4983 536 5036 Καὶ
585 4983 636 5036 οι
675 4984 774 5053 μὲν
828 4981 1509 5056 είδωλολάτραιἝλληνες
1575 4992 1798 5059 λέγουσι

213 5076 388 5132 ταῦτα
411 5091 426 5106 °
469 5080 498 5129 ό
527 5072 584 5130 δι
607 5071 856 5144 Μωάμεθ
887 5076 1002 5140 πῶς
1036 5071 1299 5147 ὀνομάζει
1335 5077 1526 5135 ἑαυτὸν
1578 5083 1801 5154 ὀρθόδο-

217 5169 328 5241 ξον,
365 5172 460 5224 καὶ
483 5166 716 5238 πλησίον
749 5167 844 5223 τοῦ
877 5169 1013 5224 Θεοῦ
1048 5173 1485 5242 εὑρισκόμενονς
1520 5177 1683 5244 Λέγει
1712 5184 1806 5232 καὶ

215 5264 501 5334 νομοθετεῖ
545 5260 775 5316 τοιαῦτα
830 5263 1166 5334 ἀτοπήματα
1223 5268 1449 5337 αισχρά.
1516 5269 1633 5324 Οὐκ
1690 5269 1805 5342 εχει

215 5350 523 5423 meum",
551 5351 690 5415 ὅλως
743 5349 829 5404 ὅτι
862 5349 1039 5406 ταῦτα
1071 5354 1249 5408 ⁴πάντα
1287 5354 1463 5432 ὀργῆς
1509 5361 1606 5410 καὶ
1668 5361 1802 5414 ἀπο-

217 5445 466 5517 στροφὶκ
504 5444 670 5514 ιργα,
729 5445 825 5499 καὶ
881 5443 984 5514 τῆς
1045 5446 1324 5517 ἁμαρτίας
1381 5451 1805 5522 ἀποτελέσματά

218 5541 348 5592 εἰσι.
378 5537 494 5610 Πρὸ
535 5538 647 5609 γάρ
678 5535 778 5608 τῆς
842 5535 1209 5609 παραϐάσεως
1259 5542 1352 5593 καὶ
1399 5543 1679 5613 ἁμαρτίας
1711 5547 1806 5600 τοῦ

228 5629 404 5703 ’Δὸἀμ
432 5629 541 5684 ποῦ
593 5630 838 5698 λουτρά;
872 5628 975 5684 ποῦ
1023 5630 1162 5694 ὅλως
1212 5632 1529 5705 οίκήματας
1593 5637 1697 5691 ποῦ
1749 5642 1802 5693 al

218 5723 418 5778 πολλαὶ
449 5722 711 5794 γυναῖκες
739 5740 755 5789 ;
826 5722 992 5777 Ἀλλά
1053 5725 1192 5794 μιτά
1226 5727 1326 5794 τὴν
1389 5727 1670 5797 ἁμαρτίαν
1705 5741 1794 5786 και

215 5819 315 5888 τὴν
344 5820 595 5890 κατάραν
629 5818 908 5892 ἀπανέστη
937 5819 996 5874 re
1023 5819 1181 5890 σῶμα
1208 5820 1398 5892 ὥσπερ
1429 5823 1620 5896 θηρίον
1657 5827 1801 5882 κατά

1881 1917 2026 1974 ‘belli
2060 1927 2341 1987 auctores,
2370 1920 2856 1990 reprehendendos
2886 1922 3228 1992 existimant,
3266 1923 3366 1982 sed
3407 1940 3503 1979 su-

1903 2026 2000 2081 per
2047 2011 2218 2067 occisi
2255 2013 2495 2069 cadaver
2533 2013 2740 2085 singuli
2791 2023 2872 2070 tot
2902 2014 3156 2073 viventes
3194 2017 3502 2082 trucidant,

1899 2091 2034 2173 quot
2061 2106 2353 2174 acquirere
2379 2105 2607 2162 licuerit
2634 2124 2649 2162 :
2679 2117 2733 2162 et
2771 2123 2881 2178 quo
2921 2109 3046 2180 plus
3074 2105 3404 2175 Occiderint,
3434 2125 3505 2166 eo
3602 2138 3606 2148 ι

1902 2197 2075 2267 magis
2114 2197 2285 2254 occisi
2347 2199 2590 2254 animam
2647 2210 2993 2272 putantesse
3029 2202 3300 2274 adjutam.
3341 2203 3502 2271 Quod

1900 2290 1946 2344 si
1980 2304 2113 2345 vero
2149 2289 2410 2347 homines
2440 2292 2700 2363 proprios
2726 2309 2840 2350 non
2878 2289 3164 2364 habuerit,
3188 2296 3285 2367 qui
3330 2296 3504 2352 occisi

1899 2381 2142 2434 animam
2185 2381 2384 2452 juvare
2420 2383 2602 2453 cupit,
2649 2382 3001 2442 Christianos
3046 2385 3371 2458 ubicunque
3408 2375 3507 2440 in-

1902 2479 2096 2528 ventos
2139 2472 2297 2538 emit,
2348 2487 2560 2544 eosque
2591 2483 2686 2530 aut
2721 2490 3129 2547 supercorpus
3170 2476 3377 2544 oecisi,
3407 2471 3508 2532 aut

1901 2578 2071 2634 super
2101 2565 2433 2634 sepulcrum‘
2459 2565 2608 2621 illius
2631 2567 2871 2638 jugulat.
2903 2565 2971 2621 Et
2997 2558 3026 2623 ἀ
3060 2569 3173 2627 Deo
3197 2584 3320 2627 esse
3351 2569 3508 2627 dice-

1905 2665 2014 2724 tur,
2067 2659 2161 2729 qui
2217 2659 2346 2714 talia
2391 2659 2612 2731 legibus
2663 2661 2781 2718 suis
2831 2662 3071 2719 statuit?
3114 2663 3268 2721 Idem
3322 2663 3502 2722 dicit:

1909 2769 1927 2801 ι
1965 2748 2071 2817 Qui
2102 2765 2229 2806 cum
2255 2760 2443 2806 scorto
2473 2752 2736 2809 mercede
2766 2756 2948 2810 soluta
2977 2755 3371 2822 concubuerit,
3391 2769 3506 2813 non

1904 2851 2138 2914 peccat;
2174 2851 2232 2898 at
2260 2844 2356 2914 qui
2387 2845 2664 2915 virginem
2700 2846 2754 2907 vi
2789 2847 3104 2916 violaverit,
3145 2859 3377 2922 peccat;
3407 2851 3507 2922 qui

1903 2942 2090 2990 autem
2126 2947 2255 2990 cum
2290 2935 2382 2991 illa
2414 2936 2526 2994 sibi
2557 2939 2948 2997 consentiente
2975 2940 3366 3023 concubuerit,
3394 2957 3507 3000 non

1903 3037 2114 3098 peccat.
2158 3028 2227 3084 Et
2255 3030 2352 3100 qui
2404 3030 2659 3100 captivas
2713 3032 2767 3087 in
2811 3033 2958 3092 bello
2991 3036 3226 3104 ceperit,
3278 3035 3366 3092 his
3404 3051 3512 3108 pro

1906 3135 2005 3176 sua
2054 3119 2290 3176 libidine
2337 3121 2493 3178 nullo
2569 3122 2901 3194 prohibente
2943 3134 3151 3183 utatur.
3213 3127 3508 3196 Quomodo

1906 3213 2077 3284 igitur
2111 3209 2227 3268 Deo
2258 3222 2490 3269 auctore
2540 3213 2596 3269 id
2655 3214 2847 3284 faciet,
2896 3217 2993 3288 qui
3046 3218 3420 3276 scortationes
3451 3229 3513 3275 et

1905 3309 2186 3379 virginum
2227 3309 2560 3366 violationes
2615 3310 2833 3381 legibus
2878 3312 3214 3368 conﬁrmat?
3245 3313 3315 3368 Et
3356 3313 3509 3385 quod

1903 3405 2066 3477 longe
2093 3405 2548 3462 scelestissimum
2569 3415 2677 3474 est,
2709 3407 2796 3463 his
2817 3409 2913 3479 qui
2931 3410 3088 3481 juxta
3112 3410 3209 3467 Del
3233 3422 3512 3483 pracepta

1908 3503 1961 3558 in
2008 3501 2113 3556 hoc
2143 3500 2348 3556 saeculo
2378 3501 2641 3570 vixerint,
2691 3501 2801 3560 illis
2847 3503 3084 3575 singulis
3117 3517 3243 3576 post
3289 3505 3506 3562 obitum
3593 3533 3596 3536 -

1905 3598 2153 3666 ipsorum
2186 3594 2382 3649 balnea
2407 3603 2465 3651 et
2493 3594 2716 3661 domus,
2749 3607 3029 3667 augustas,
3057 3596 3322 3655 mulieres
3351 3600 3514 3656 deni-

1905 3699 2015 3756 que
2044 3694 2101 3740 et
2129 3683 2376 3756 virgines
2420 3683 2886 3756 quamplurimas
2917 3701 2950 3741 a'
2981 3685 3098 3744 Deo
3135 3687 3349 3746 dandas
3389 3688 3528 3769 fore,
3615 3750 3619 3754 _

1907 3777 2226 3850 promittit:
2277 3787 2333 3834 et
2378 3779 2528 3849 quod
2575 3779 2990 3838 idololhtrarunt
3049 3780 3368 3840 Gracornm
3409 3798 3511 3843 no-

1907 3871 2100 3928 minati
2145 3872 2388 3944 theologi
2439 3873 2627 3930 dicere
2677 3889 2780 3931 nec
2833 3860 2952 3932 ausi
3002 3884 3168 3944 sunt,
3217 3891 3322 3933 nec
3381 3877 3511 3933 talia

1906 3979 2030 4022 esse
2059 3964 2443 4043 crediderunt,
2479 3965 2598 4024 haec
2627 3965 2907 4026 Mahomet
2944 3976 3139 4042 aperto
3169 3984 3265 4026 ore
3292 3967 3516 4043 legibus

1905 4059 2029 4126 suis
2082 4039 2303 4114 sancire
2357 4072 2466 4114 non
2520 4059 2820 4132 erubesciy
2882 4059 2948 4116 lli
2980 4039 3147 4118 venit:
3230 4039 3510 4126 sentiunt,

1907 4148 2058 4222 quod
2091 4150 2189 4222 qui
2213 4151 2386 4207 vitam
2419 4136 2576 4208 suam
2607 4138 2842 4212 honeste
2875 4151 2929 4208 in
2961 4151 3068 4208 hoc
3093 4152 3304 4210 mundo
3329 4162 3514 4210 trans-

1910 4241 2148 4313 egerint,
2183 4256 2334 4310 cum,
2363 4253 2491 4313 post
2513 4240 2724 4298 obitum
2761 4245 3034 4318 ipsorum,
3057 4240 3256 4302 anima:
3287 4245 3510 4303 illorum

1909 4350 2046 4406 pure
2081 4350 2113 4391 a
2146 4335 2476 4406 corporibus
2520 4335 2770 4392 liberata:
2814 4337 2952 4403 sint,
2990 4345 3124 4394 tunc
3151 4353 3247 4396 eos
3281 4333 3338 4394 in
3375 4337 3513 4396 dem

1912 4440 2032 4480 rum
2088 4439 2384 4481 numerum
2447 4424 2684 4495 referri,
2733 4428 2990 4502 interque
3036 4429 3162 4486 illos
3202 4432 3520 4488 fortunatas

1842 4515 2123 4610 Dinsulas
2171 4517 2442 4584 incolere,
2490 4526 2547 4572 et
2599 4532 2728 4575 cum
2783 4518 2894 4576 illis
2937 4521 3244 4576 exsultare.
3304 4519 3518 4577 Eorum

1913 4624 2045 4664 vero
2093 4608 2190 4680 qui
2259 4609 2428 4685 impie
2480 4609 2573 4668 hic
2620 4612 2913 4677 viventes,
2967 4613 3188 4685 impure
3240 4613 3406 4670 simul
3457 4625 3516 4671 et

1916 4699 2126 4769 pollute
2163 4699 2434 4768 obierint,
2469 4702 2686 4758 animas
2716 4700 2773 4757 in
2807 4701 3080 4760 obscuros
3104 4713 3161 4760 et
3196 4704 3515 4761 tenebrico-

1915 4807 2007 4847 sos
2035 4792 2189 4848 locos
2217 4791 2536 4864 discedere,
2563 4805 2621 4854 et
2656 4794 2714 4851 in
2741 4794 2972 4852 ﬂuvium
3003 4798 3290 4869 perpetuis
3313 4797 3517 4855 arden-

1915 4896 2023 4941 tem
2059 4882 2302 4956 ignibus.

1989 5004 2040 5056 6.
2091 5003 2158 5057 Et
2191 5003 2306 5060 haec
2337 5005 2563 5075 quidem
2588 5005 2890 5070 idololatria
2908 5008 3085 5066 Gracl
3120 5011 3377 5070 tradunt.
3401 5015 3517 5071 la-

1917 5093 2106 5149 homet
2163 5110 2296 5151 vero
2329 5138 2342 5160 ,
2398 5097 2494 5166 qui
2561 5112 2620 5152 se
2692 5098 3046 5157 orthodoxou
3105 5117 3228 5160 esse
3285 5113 3344 5162 et
3403 5106 3518 5163 Deo

1920 5188 2236 5257 proximum
2304 5188 2472 5255 dicit,
2539 5189 2860 5261 hujusmodi
2915 5192 3158 5249 absurda
3212 5205 3269 5259 et
3333 5199 3518 5269 turpia

1916 5278 2135 5347 legibus
2165 5277 2512 5334 constituit?
2540 5277 2768 5336 Minime
2798 5291 2949 5338 certe
2999 5285 3294 5356 perpendit
3314 5328 3330 5353 ,
3366 5281 3518 5360 quod

1917 5371 2105 5423 omnia
2151 5368 2270 5425 haec
2310 5369 2450 5435 odii,
2493 5371 2588 5428 ira
2616 5381 2675 5429 et
2707 5373 2922 5444 peccati
2967 5373 3200 5432 electus
3259 5379 3392 5435 sint.
3428 5379 3520 5437 Si-

1917 5461 2144 5539 quidem
2205 5473 2335 5518 snte
2387 5463 2583 5519 Adami
2640 5467 3176 5536 transgressione,
3223 5470 3324 5528 ubi
3381 5481 3520 5530 tunc

1921 5555 2155 5626 balnea)
2199 5556 2293 5612 ubi
2324 5555 2564 5614 domus?
2593 5557 2685 5614 ubi
2711 5558 3016 5616 mulieres?
3064 5560 3202 5620 Post
3224 5573 3518 5636 peccatum

1921 5649 2056 5701 vefo
2090 5654 2145 5701 et
2171 5647 2620 5704 maledictionem
2651 5691 2663 5714 ,
2696 5665 2902 5721 corpus
2930 5659 3125 5708 contra
3157 5652 3396 5711 animam
3427 5657 3518 5710 in-

1914 5744 2030 5790 star
2063 5735 2194 5792 [era
2240 5737 2528 5808 cujusdam
2567 5740 2868 5797 insurresit
2902 5757 2918 5796 :
2952 5749 3010 5796 et
3041 5756 3170 5797 cum
3201 5740 3322 5799 hac
3351 5742 3519 5798 absu-

1911 5827 2026 5885 luta
2053 5830 2147 5888 Dei
2198 5820 2651 5892 consideratione
2690 5847 2928 5902 careret,
2967 5848 3172 5906 corpus
3203 5833 3361 5907 vicit,
3394 5849 3514 5891 am-
