4136 6312
277 446 380 509 657

1274 461 1574 522 CDNTIH
1618 463 2115 531 ΜΛΙΙΟΜΕΤΕΜ
2149 473 2436 534 ORATIO
2475 476 2584 538 Ill.

3442 489 3554 552 658

276 565 544 636 ἡτοίμασε
569 568 627 622 δὲ
666 567 932 640 οῦρανοὺς
975 574 1034 627 ἐν
1078 594 1360 647 φρονηοει.
1394 600 1411 632 ι
1451 584 1510 636 ‘O
1541 583 1596 636 δε
1631 586 1844 662 μεγαλση

1971 589 2334 661 eamdemque
2377 593 2745 648 divinitatem.
2781 593 2846 648 Et
2883 595 2976 650 Dei
3024 596 3112 650 ille
3146 597 3546 671 contemplator

275 659 591 726 φωνότατος
630 661 882 730 Ἡσαΐας,
925 686 944 718 ι
993 668 1050 723 '0
1090 669 1224 735 Θεὸς
1277 674 1305 725 6
1346 675 1586 741 αίώνιος,
1614 680 1642 732 6
1685 659 1858 733 κατα-

276 754 556 815 σκευάσας
586 754 655 807 τὰ
678 757 823 826 ἀκρα
845 757 942 827 τῆς
965 760 1087 829 γῆς.
1134 782 1146 816 ι
1200 765 1260 817 '0
1284 765 1340 818 δὲ
1375 769 1646 838 μακάριος
1682 773 1860 825 Ἰωάν-

276 863 372 914 νης
406 848 438 899 6
468 850 597 911 παις
647 851 742 904 τοῦ
794 851 1098 916 Ζεϐεδαίου,
1130 855 1317 912 ὅντινα
1358 864 1451 915 καὶ
1492 861 1721 932 βροντῆς
1744 865 1860 916 υίὺν

275 936 538 991 ἐκάλεσεν
566 940 593 994 6
636 939 864 1010 Κύριος,
899 942 987 996 διὰ
1037 944 1098 996 16
1135 946 1235 1016 τὴν
1270 949 1383 1002 ἀνω
1421 943 1679 1019 γέννησιν
1728 970 1858 1022 τραο

217 1076 221 1080 .
276 1029 495 1096 νότερον
548 1031 784 1102 βροντῆς
830 1037 895 1104 τῇ
951 1038 1246 1110 οίκουμινῃ
1307 1040 1590 1107 σαλπίσαι,
1657 1047 1856 1100 οὑτωσέ

275 1137 442 1187 φησιν
465 1122 524 1174 ὲν
549 1123 625 1192 τῷ
659 1125 1000 1197 Εὐαγγελίῳ,
1029 1148 1046 1180 ι
1073 1130 1163 1183 Ἐν
1186 1133 1330 1202 ἀρχῇ
1353 1128 1422 1204 ἦν
1445 1137 1472 1186 6
1495 1117 1689 1205 Λόγος,
1710 1137 1805 1190 καὶ
1830 1141 1858 1191 ὁ

278 1212 448 1278 Λόγος
474 1207 542 1283 ἦν
564 1215 700 1285 πρὸς
725 1217 819 1270 τὸν
841 1219 994 1286 Θεὸν,
1017 1224 1109 1276 καὶ
1128 1223 1261 1290 Θεὸς
1291 1222 1358 1296 ἦν
1377 1227 1406 1278 6
1429 1227 1623 1296 Λόγος.
1673 1230 1856 1283 Πάντα

275 1303 342 1354 δι’
363 1304 529 1358 αὐτοῦ
561 1308 801 1377 ἐγένετο,
827 1313 918 1370 καὶ
941 1315 1108 1384 χωρὶς
1131 1317 1297 1370 αὐτοῦ
1331 1321 1544 1391 ἐγένετο
1564 1322 1683 1374 οὐδὲ
1721 1324 1802 1384 ἓν,
1829 1324 1857 1375 6

273 1395 490 1462 γέγονε.
527 1416 546 1448 ι
587 1398 820 1465 Βλέπεις
850 1405 964 1465 πῶς
984 1407 1072 1460 6ιά
1102 1407 1162 1462 τδ
1181 1410 1361 1481 ἄωρον
1385 1411 1477 1465 τοῦ
1505 1414 1699 1483 καιροῦ
1735 1431 1855 1468 συν-

271 1493 646 1560 εσκιασμένως
666 1496 714 1548 oi
733 1499 1008 1568 προφῆται
1026 1499 1356 1571 ὲλάλησαν,ό
1375 1504 1420 1557 δ’
1449 1506 1700 1574 Ἰωάννης
1725 1509 1855 1561 ἀνα-

269 1581 466 1648 φινδὸν
488 1587 580 1638 καὶ
596 1592 779 1660 γυμνῇ
801 1593 867 1660 τῇ
891 1592 1264 1663 κεφαλῇξμιγα
1289 1596 1481 1667 ἐϐόησε
1505 1616 1520 1662 ;
1546 1600 1654 1652 Καὶ
1674 1602 1724 1652 οί
1755 1602 1852 1655 πά-

267 1671 357 1725 λαι
393 1677 667 1748 προφῆται
689 1683 719 1750 _6
762 1681 864 1751 μὲν
891 1684 1070 1753 λόγον,
1092 1687 1118 1739 6
1139 1686 1196 1739 δὲ
1217 1687 1428 1756 σοφίαν,
1446 1690 1542 1745 ὁδε
1561 1695 1850 1763 φρόνησιν,

263 1766 292 1824 ὸ
311 1767 368 1823 δὶ
384 1769 722 1842 δημιουργὸν
751 1774 913 1830 τοῦτο
939 1778 1222 1846 ἐκάλεσεν,
1246 1782 1274 1835 6
1296 1782 1349 1836 6t
1370 1782 1524 1848 Θεὸν,
1553 1786 1627 1857 μὴ
1645 1788 1850 1841 ἀνακα-

262 1859 442 1944 λύψας
470 1864 534 1916 τὸ
583 1865 908 1938 ἀπόκρυφον
959 1874 1261 1944 μυστήριον
1301 1876 1393 1929 διὰ
1427 1878 1486 1930 1:6
1517 1879 1718 1949 ἄωρον,
1771 1880 1846 1942 ὡς

263 1941 504 2029 εἴρηται,
554 1954 652 2007 τοῦ
700 1934 922 2028 καιροῦ.
960 1934 1196 2016 Ὅπόταν
1225 1965 1282 2017 δὲ
1318 1934 1619 2038 περιῃρέθη
1656 1934 1718 2023 τό
1746 1934 1845 2023 κάξ
1875 1934 1921 1994 Β

236 2034 482 2114 ’λυμμα,
506 2049 606 2102 οὐκ
648 2045 718 2122 ἦν
747 2053 916 2120 ὅσιον,
948 2058 1069 2111 οὐδὲ
1097 2057 1328 2115 δίκαιον.
1575 2034 1666 2117 τοῦ
1707 2064 1844 2119 Θεοῦ

264 2134 390 2200 Υἱὸς
417 2137 512 2191 καὶ
545 2139 679 2203 Θεὸς
711 2144 1129 2215 αἰνιγματωδῶς
1161 2167 1276 2214 πως
1313 2147 1606 2222 εὑρίσκετο
1641 2173 1844 2226 κηρυτ-

262 2229 513 2298 τόμενος,
541 2237 636 2287 καὶ
677 2236 765 2290 διά
805 2239 963 2293 τοῦτο
989 2243 1018 2295 6
1040 2243 1136 2312 τῆς
1169 2244 1402 2315 βροντῆς
1447 2249 1561 2313 υίὸς
1590 2251 1671 2314 16,
1719 2270 1737 2303 ι
1760 2253 1845 2306 Ἐν

265 2324 406 2395 ἀρχῇ
439 2321 569 2397 ἦνὸ
608 2330 800 2398 Λόγος,
855 2353 874 2385 ι
935 2336 1032 2388 καὶ
1073 2337 1144 2390 τὰ
1199 2339 1328 2409 ἑξῆς
1379 2343 1590 2410 τρανῶς
1641 2346 1848 2414 ὑπηγό-

267 2435 454 2488 ρευσε.
507 2421 620 2477 Καὶ
656 2423 850 2494 ὥσπερ
897 2431 926 2481 6
970 2429 1119 2499 ἥλιος
1156 2432 1261 2484 ὑπὸ
1295 2433 1602 2502 βαθυτάτου
1650 2441 1846 2506 νέφους

264 2515 358 2566 καὶ
379 2513 646 2584 χειμῶνος
675 2520 1055 2589 κρυπτόμενος
1085 2526 1237 2593 παρά
1267 2533 1367 2595 μὲν
1400 2531 1511 2591 τοῖς
1536 2530 1846 2600 ἀνθρώποις

264 2608 482 2678 ἀφανής
532 2609 675 2675 ἐστι,
721 2614 784 2665 τὸ
816 2613 863 2666 δ’
890 2615 1057 2669 αὑτοῦ
1093 2617 1212 2684 φῶς
1245 2620 1408 2673 οἱονεὶ
1463 2625 1596 2695 παρ’
1648 2627 1842 2682 ἑαυτὸν

263 2700 512 2790 κατέχων
542 2703 887 2772 εὑρίσκεται,
924 2708 1180 2775 λυθέντος
1211 2713 1268 2766 δὲ
1293 2715 1388 2769 τοῦ
1424 2720 1713 2790 χειμῶνος,
1749 2725 1847 2775 καὶ

259 2786 355 2838 τοῦ
378 2788 541 2857 ἀέρος
567 2790 910 2861 ἀπελθόντος,
929 2800 1044 2862 τοις
1076 2801 1244 2856 πᾶσιν
1280 2786 1530 2872 ἀφθόνως
1559 2811 1657 2870 τὰς
1690 2813 1845 2865 ἀκτῖ-

260 2895 358 2943 νας
403 2881 666 2968 ἀφίησιν·
709 2885 853 2940 οὕτω
893 2904 984 2956 μοι
1031 2890 1142 2944 νόει
1179 2896 1278 2948 καὶ
1309 2899 1403 2950 ἐπὶ
1449 2899 1545 2952 τοῦ
1579 2901 1708 2955 Υίοῦ
1750 2911 1845 2960 καὶ

261 2969 435 3041 Λόγοὺ
463 2974 560 3028 τοῦ
591 2975 750 3031 Θεοῦ.
783 2980 922 3046 Θεὸς
953 2982 1031 3035 ὦν
1057 2986 1266 3058 ἀληθὴς
1297 2990 1392 3043 καὶ
1427 2993 1532 3062 πρὸ
1570 2995 1680 3048 τῶν
1715 2998 1847 3050 αἰώ-

261 3083 388 3131 νων,
423 3066 550 3131 Υἱὸς
584 3068 723 3123 Θεοῦ
755 3074 854 3150 καὶ
884 3077 1116 3149 ποιητὴς
1145 3081 1326 3151 πάσης
1363 3085 1614 3153 κτίσεως,
1646 3089 1718 3151 ὼς
1751 3092 1844 3143 καὶ

258 3162 319 3211 ἐν
356 3164 478 3224 ταις
511 3163 827 3236 ἔμπροσθεν
864 3167 1211 3240 ἀπολογίαις,
1263 3175 1358 3227 καὶ
1409 3177 1549 3229 κατά
1578 3181 1638 3231 τὸ
1671 3182 1844 3250 παρὸν

1966 681 2141 737 Moses
2179 684 2295 738 ait:
2329 693 2347 735 ι
2391 684 2449 738 1η
2509 686 2782 756 principio
2824 689 3031 742 creavit
3086 689 3230 744 Deus
3255 691 3455 747 cmlum
3483 705 3539 748 et

1967 784 2166 830 terram
2193 777 2258 830 ".
2295 796 2311 827 ι
2373 776 2439 832 Et
2494 779 2764 849 propheta
2809 780 2980 852 David
3013 797 3027 833 :
3067 800 3084 831 ι
3121 783 3315 837 Omnia
3366 782 3544 841 fecisti

1965 869 2018 922 in
2047 869 2312 937 sapientia
2339 868 2404 936 “;
2443 889 2460 921 ι
2485 879 2560 933 et,
2599 889 2616 923 ι
2644 871 2915 927 Sermone
2939 874 3154 928 Domini
3182 877 3307 932 caeli
3346 877 3545 933 ﬁrmati

1964 971 2096 1015 sunt
2126 962 2194 1016 “.
2225 981 2242 1012 ι
2274 961 2444 1031 llnjus
2482 964 2651 1017 etiam
2692 963 2838 1019 ﬁlius
2866 965 3148 1030 Salomon,
3182 970 3548 1028 admiratione

1948 1055 2110 1108 muni
2140 1055 2337 1126 dignus
2367 1075 2378 1109 :
2421 1075 2439 1108 ι
2487 1056 2629 1112 Deus
2663 1059 2716 1112 in
2749 1060 3016 1127 sapientia
3040 1062 3291 1118 fundavit
3324 1073 3545 1128 terram,

1962 1147 2132 1202 oculos
2163 1159 2346 1202 autem
2382 1149 2591 1215 l-aravit
2623 1150 2675 1203 in
2713 1152 3008 1220 prudentia
3039 1154 3103 1208 “.
3141 1173 3159 1207 ι
3195 1155 3544 1224 Eloquentis-

1960 1238 2134 1292 simus
2166 1250 2346 1296 autem
2391 1241 2482 1296 ille
2527 1241 2728 1298 Isaias:
2764 1263 2780 1295 ι
2821 1243 2966 1300 Deus
2997 1257 3238 1302 attentus
3267 1249 3360 1319 qui
3393 1265 3548 1316 para-

1961 1331 2040 1385 vit
2065 1342 2309 1386 extrema
2343 1342 2502 1398 terra:
2525 1335 2592 1388 “.
2633 1355 2650 1386 ι
2692 1337 2888 1393 Beatus
2933 1356 3066 1394 vero
3101 1339 3346 1403 Joannes
3370 1342 3544 1396 lebe-

1958 1420 2058 1474 dzei
2095 1422 2238 1475 lilius
2277 1424 2464 1492 (quem
2494 1429 2658 1479 etiam
2690 1428 2918 1481 tonitrui
2948 1429 3116 1483 ﬁlium
3151 1430 3414 1484 Dominus
3439 1446 3540 1484 nn-

1958 1513 2206 1578 minavit,
2224 1530 2291 1569 eo
2317 1516 2460 1584 quod
2487 1531 2780 1587 supernam
2798 1521 2945 1574 Illam
2964 1523 3375 1592 generationem
3401 1523 3542 1576 toni~

1958 1609 2062 1662 trui
2091 1608 2874 1680 clarinsorbiehuccinaverit)
2905 1614 2958 1667 in
2995 1615 3290 1684 Evangelio
3337 1617 3417 1669 sic
3445 1617 3539 1678 ait,

1960 1722 1976 1753 ι
2007 1702 2060 1756 1η
2088 1701 2356 1772 principio
2377 1712 2496 1758 erat
2513 1702 2726 1768 Sermo,
2746 1718 2802 1760 ct
2823 1703 3016 1760 Serm‘o
3036 1716 3154 1764 erat
3177 1707 3318 1776 apud
3343 1708 3536 1772 Deum,

1951 1801 2006 1848 et
2028 1794 2169 1849 Deus
2189 1803 2308 1849 erat
2333 1794 2423 1849 ille
2453 1794 2665 1851 Sermo.
2688 1798 2880 1852 Omnia
2914 1813 3014 1869 per
3041 1799 3195 1853 illum
3223 1798 3366 1854 facta
3387 1809 3540 1858 sunt,

1950 1893 2006 1939 et
2041 1886 2159 1940 sine
2175 1901 2240 1942 eo
2257 1886 2460 1942 factum
2492 1889 2738 1944 estnihil
2769 1890 2916 1959 quod
2947 1890 3152 1948 factum
3181 1901 3272 1947 est
3295 1893 3360 1944 ⁸⁸.
3393 1911 3410 1943 ι
3445 1890 3540 1944 Vi-

1949 1978 2076 2034 den’
2097 1980 2374 2050 quornodo
2391 1991 2615 2052 propter
2640 1985 2903 2054 temporis
2927 1985 3398 2055 importunitatem
3420 2001 3524 2054 pro

1950 2074 2136 2145 pheta:
2168 2074 2464 2138 obscurius
2506 2076 2677 2133 locuti
2729 2079 3127 2142 sint,Joannes
3152 2088 3335 2134 autem
3371 2079 3540 2137 clare.

1949 2179 2140 2242 aperto
2192 2168 2362 2240 (quod
2425 2169 2602 2241 aiunt)
2665 2173 2848 2242 capite
2881 2172 3054 2242 altum
3108 2170 3543 2227 exelamaverit?

1951 2263 2016 2316 Et
2051 2273 2298 2318 veterum
2326 2265 2551 2334 quidem
2581 2267 2976 2337 pr0phctarum
3005 2267 3146 2322 alius
3181 2266 3532 2327 Sermonem,

1948 2357 2090 2412 alius
2114 2357 2476 2428 Sapientiam,
2527 2359 2670 2415 alius
2713 2359 3266 2421 Prudentiam.alius
3307 2360 3540 2417 Creato-

1950 2465 2065 2502 rem
2100 2449 2248 2505 hunc
2296 2451 2601 2507 nominavit
2637 2471 2651 2506 :
2693 2453 2785 2508 hic
2821 2469 2951 2509 vero
2984 2455 3186 2518 Deum,
3220 2469 3330 2510 non
3351 2455 3541 2510 celans

1947 2547 2208 2596 areanum
2250 2541 2354 2596 hoc
2395 2542 2543 2611 quod
2578 2557 2806 2615 propter
2856 2546 3122 2617 temporis
3154 2546 3546 2616 importunita'

1951 2641 2058 2688 tem
2095 2635 2281 2689 tandiu
2336 2635 2593 2702 latuerat,
2635 2637 2762 2693 c‘um
2819 2638 3066 2694 nondum
3117 2638 3536 2710 fasjustumqne

1947 2739 2096 2783 esset
2143 2729 2327 2784 'velum
2362 2729 2591 2785 auferri.
2639 2730 2788 2799 Quin
2845 2743 2901 2787 et
2945 2733 3063 2803 ipse
3113 2733 3288 2789 Filius
3346 2734 3441 2788 Dei
3483 2743 3536 2789 et

1950 2818 2093 2875 Deus
2121 2820 2277 2889 quasi
2312 2836 2410 2890 per
2451 2821 2739 2892 aenigmata
2766 2823 3129 2878 annuntiatus
3163 2839 3285 2879 esse
3309 2823 3536 2879 vidcba-
3631 2866 3635 2874 .

1951 2922 2074 2977 tur;
2109 2920 2446 2983 quapropter
2470 2912 2701 2968 tonitrui
2741 2913 2887 2970 [ilius
2915 2915 3061 2970 hoc:
3100 2934 3118 2966 ι
3171 2915 3229 2970 In
3264 2916 3536 2986 principio

1948 3013 2068 3056 erat
2097 3002 2311 3069 Sermo,
2348 3022 2366 3055 ι
2411 3013 2545 3063 etc..
2582 3003 2788 3061 clarius
2815 3006 3160 3077 praedicavit.
3188 3008 3255 3063 Et
3274 3009 3538 3078 quemad-

1950 3094 2172 3148 modum
2209 3096 2292 3150 sol
2327 3095 2659 3152 densissima
2690 3098 2838 3154 nube
2883 3109 2942 3156 et
2985 3109 3312 3172 tempestate
3334 3110 3531 3163 tectus,

1947 3185 2214 3242 obscurus
2239 3197 2342 3252 est,
2374 3189 2651 3258 propriam
2696 3197 2876 3246 tamen
2899 3191 3077 3248 lucem
3113 3207 3266 3255 suam
3291 3209 3457 3264 penes
3475 3211 3532 3248 se

257 3255 666 3323 ἀποδέδεικται,
707 3260 828 3313 die?
859 3262 1168 3334 ίκρῦπτετο
1199 3267 1348 3334 ὅμως
1376 3269 1484 3323 ὑπὸ
1522 3273 1618 3325 τοῦ
1646 3273 1844 3341 νέφους

1950 3279 2156 3335 habere
2204 3255 2450 3346 videtur,
2478 3255 2824 3354 tempestate
2868 3299 3002 3340 vero
3051 3285 3234 3342 soluta
3287 3255 3345 3343 et
3394 3302 3562 3355 puro.

257 3350 359 3420 τῆς
389 3351 691 3418 ἀγνωσίας,
732 3355 827 3410 καὶ
865 3356 960 3410 τοῦ
1007 3360 1279 3430 χειμῶνος
1315 3363 1416 3433 τῆς
1455 3364 1566 3417 τῶν
1602 3365 1841 3421 εἰδώλων

259 3446 715 3515 προσκυνήσεως,
751 3450 893 3518 μετά
924 3468 984 3504 τε
1015 3452 1112 3507 τοῦ
1156 3455 1371 3527 Πατρδς
1409 3460 1505 3511 καὶ
1541 3461 1636 3514 τοῦ
1665 3462 1842 3517 Πνεύ⁴

256 3551 449 3605 ματος.
500 3538 695 3594 Ἣνίκα
744 3540 803 3595 66
859 3542 1106 3614 ιπεῳάνη
1157 3546 1218 3599 16
1274 3547 1398 3619 ἔαρ,
1457 3551 1740 3607 τουτέστιν
1805 3556 1839 3626 ἡ

252 3629 447 3692 τούτου
474 3630 750 3702 ἑνσαρκος
782 3637 1092 3708 οἰκονομία,
1133 3641 1228 3694 καὶ
1266 3630 1536 3718 ἐγεννήθη
1586 3647 1646 3700 16
1695 3649 1840 3704 κατά

253 3723 436 3793 σάρκα
484 3727 548 3779 ἐκ
577 3730 838 3796 γυναικὸς
869 3732 967 3803 τῆς
1007 3733 1170 3803 ἁγίας
1201 3738 1477 3808 παρθένου
1527 3742 1619 3795 καὶ
1651 3741 1836 3798 θεοτόο

252 3833 351 3867 κου
383 3818 625 3887 Μαρίας,
667 3825 790 3876 τότε
821 3825 1068 3897 ἐπεφάνη
1095 3830 1128 3898 ή
1155 3831 1315 3901 χάρις
1344 3832 1440 3885 τοῦ
1472 3832 1630 3900 Θεοῦ,
1660 3837 1693 3908 ἡ
1729 3854 1835 3891 σω-

249 3912 440 3979 τήριος
474 3914 642 3966 πᾶσιν
668 3915 1005 3986 ἀνθρώποις.
1030 3920 1141 3973 Καὶ
1163 3923 1630 3998 προσεκύνησενή
1659 3927 1838 3994 κτίσις

248 4002 340 4054 τὸν
375 4003 644 4080 κτίσαντα
668 4008 862 4080 αὐτὴν,
901 4011 998 4066 καὶ
1031 4011 1297 4081 ιδόξασαν
1331 4016 1424 4071 16v
1457 4019 1623 4089 μόνον
1654 4021 1833 4092 ἀληθῆ

247 4097 401 4160 Θεὸν,
431 4099 523 4152 16v
551 4101 772 4171 Πατέρα
796 4103 890 4157 τοῦ
928 4105 1135 4179 Κυρίου
1167 4109 1325 4179 ἡμῶν
1362 4109 1535 4182 Ἰησοῦ
1566 4114 1830 4180 Χριστοῦ.

247 4189 343 4242 καὶ
379 4190 544 4244 αὐτὸν
572 4193 666 4246 τὸν
698 4194 825 4248 Υίὸν
857 4198 952 4250 καὶ
991 4200 1166 4267 Λόγον
1221 4201 1316 4256 τοῦ
1352 4203 1584 4274 Πατρδς,
1630 4208 1722 4259 καὶ
1771 4210 1833 4262 16

246 4283 519 4352 πανάγιον
563 4286 661 4339 καὶ
718 4285 983 4352 ζωοποιδν
1040 4291 1291 4364 Πνεῦμα,
1337 4297 1440 4365 τὴν
1497 4300 1628 4366 μίαν
1669 4299 1831 4366 ἁγίαν

243 4375 534 4444 όμοούσιον
564 4380 655 4431 καὶ
685 4382 992 4455 ἀδιαίρετον
1016 4388 1108 4438 καὶ
1147 4386 1460 4459 ἀσύγῇυτον
1507 4390 1712 4460 Τριάδα
1738 4394 1831 4446 τὸν

243 4468 339 4521 ἕνα
374 4462 528 4523 Θεόν.
569 4473 677 4526 Καὶ
709 4476 833 4529 τότε
874 4475 1073 4547 ἐθεάθη
1112 4479 1144 4547 ἠ
1183 4480 1276 4534 τοῦ
1318 4482 1558 4553 Χριστοῦ
1593 4483 1722 4549 δόξα
1753 4486 1826 4549 ὡς

247 4560 574 4626 μονογενοῦς
603 4564 754 4633 παρά
791 4559 1026 4634 Πατρός.
1054 4567 1165 4622 και
1194 4570 1315 4624 τότε
1350 4573 1532 4642 ἀφῆκε
1585 4576 1682 4637 τὰς
1717 4576 1827 4628 θεῖ-

244 4647 345 4708 κάς
385 4647 554 4701 αὐτοῦ
593 4651 841 4719 ἀκτῖνας,
899 4657 992 4709 καὶ
1042 4659 1101 4711 16
1155 4662 1350 4724 σκότος
1398 4665 1499 4734 τῆς
1550 4666 1825 4732 ἀγνωσίας

242 4739 504 4829 ζφώτισε,
538 4739 634 4795 uel
677 4734 778 4808 τὰς
827 4748 1252 4821 κατεψυγμένας
1292 4757 1383 4808 καὶ
1415 4758 1614 4828 νεκρὰς
1644 4759 1823 4829 ψυχὰς

242 4827 304 4901 τῇ
347 4832 527 4904 θέρμῃ
565 4836 665 4906 τῆς
697 4840 934 4905 πίστεως
965 4843 1301 4908 ἀνεξώωσεν.
1349 4907 1352 4910 ,

1860 4621 1907 4678 D

1947 3386 2076 3427 aere
2128 3388 2354 3429 reverso
2403 3375 2665 3432 omnibus
2723 3375 2910 3432 radios
2972 3379 3105 3434 suos
3151 3379 3531 3448 copiosissime

1945 3465 2213 3533 immittit,
2263 3467 2338 3521 ita
2400 3467 2568 3522 etiam
2604 3483 2726 3524 mea
2770 3469 2840 3526 de
2875 3485 3129 3526 sermone
3175 3480 3233 3526 et
3262 3468 3403 3526 Filio
3437 3472 3530 3526 Dei

1944 3556 2122 3613 fertur
2145 3559 2439 3614 sententia.
2467 3560 2608 3616 Deus
2629 3561 2778 3616 enim
2805 3563 3080 3631 exsistens
3100 3576 3262 3620 verus
3283 3573 3407 3620 ante
3424 3579 3532 3619 εω-

1943 3651 2088 3718 cuia,
2108 3651 2276 3706 Filius
2303 3652 2417 3714 Det.
2439 3661 2495 3708 et
2516 3663 2732 3711 creator
2753 3657 2933 3711 omnis
2955 3665 3222 3723 creatura
3242 3658 3529 3729 (quemad-

1943 3743 2167 3799 modum
2206 3745 2260 3800 in
2309 3745 2694 3815 superioribus
2715 3747 3126 3819 Apologiis,-et
3177 3747 3232 3803 in
3268 3751 3523 3819 prresenti

1941 3829 2157 3908 quoque
2183 3837 2614 3894 demonstratum
2643 3844 2771 3912 est),
2796 3842 3002 3896 latebat
3035 3851 3216 3898 tamen
3243 3843 3346 3900 sub
3379 3843 3526 3898 nube

1941 3931 2284 4001 ignorantia,
2307 3941 2363 3986 et
2399 3931 2726 3988 idololatriae
2762 3942 3104 4005 tempestate,
3129 3951 3253 3990 cum
3284 3935 3443 3991 Patre
3470 3947 3527 3990 et

1939 4025 2171 4095 Spiritu.
2199 4025 2496 4096 Postquam
2529 4035 2712 4080 autem
2737 4042 2833 4082 ver
2863 4028 3138 4097 apparuit,
3173 4027 3227 4083 id
3253 4018 3339 4083 cst
3361 4028 3524 4098 hujus

1939 4120 1991 4172 in
2026 4133 2190 4173 carne
2247 4117 2680 4184 administratio,
2729 4129 2784 4174 et
2833 4119 3137 4175 secundum
3195 4135 3418 4176 carnem
3456 4135 3520 4174 ex

1937 4211 2166 4264 muliere
2214 4219 2379 4266 natus
2419 4219 2523 4274 est,
2570 4220 2758 4266 sancta
2804 4212 3019 4278 scilicet
3051 4213 3265 4283 virgine
3291 4213 3519 4281 Deipara

1935 4297 2127 4366 Maria,
2155 4312 2284 4357 tunc
2318 4304 2573 4372 apparuit
2622 4304 2796 4374 gratia
2834 4303 2933 4358 Dei
2968 4303 3230 4359 omnibus
3262 4304 3520 4359 salutaris

1937 4392 2277 4455 hominibus,
2306 4401 2362 4446 et
2401 4393 2650 4446 adoravit
2696 4400 2951 4447 creatura
2993 4403 3298 4450 creatorem
3331 4409 3537 4457 suuma

1891 4537 1893 4540 .
1933 4485 2220 4554 solumque
2252 4499 2441 4538 verum
2467 4482 2636 4537 Deum
2679 4483 3152 4555 gloriﬁcaverunt,
3185 4486 3517 4556 Patremque

1934 4578 2152 4631 Domini
2210 4578 2382 4631 nostri
2431 4576 2556 4630 Jesu
2606 4575 2834 4641 Christi,
2885 4585 2943 4632 et
2999 4578 3176 4647 ipsum
3219 4578 3418 4633 Filium
3460 4586 3518 4632 ct
3617 4617 3620 4624 .

1939 4671 2262 4725 Sermonem
2319 4669 2528 4730 Patris,
2607 4677 2971 4739 sanctumque
3029 4679 3086 4724 et
3146 4668 3513 4724 viviﬁcantem

1939 4761 2228 4832 Spiritum,
2266 4776 2429 4814 unam
2467 4760 2741 4826 videlicet,
2783 4771 3050 4826 sanctam,
3075 4762 3516 4817 consubstantia-

1937 4851 2067 4915 lem,
2107 4849 2394 4904 indivisam
2447 4858 2503 4903 et
2546 4850 2887 4905 inconfusam
2946 4852 3292 4918 Trinitatem,
3343 4868 3512 4906 unum

243 4940 443 4997 nempe
481 4929 671 4987 Deum.
713 4933 782 4988 Et
835 4943 965 4992 tunc
987 4937 1102 4993 visa
1143 4949 1226 4995 est
1265 4940 1469 4998 Christi
1528 4947 1701 5016 gloria
1745 4946 1915 5001 veluti
1952 4945 2121 5015 gloria
2145 4943 2418 5012 Unigeniti
2453 4958 2483 4996 a
2548 4945 2754 5001 Patre..
2801 4945 2867 4999 Et
2903 4955 3032 5000 tunc
3061 4948 3245 5017 emisit
3298 4948 3514 5002 divinos

241 5034 369 5077 suos
401 5023 607 5093 radios,
631 5030 993 5102 tenebrasque
1017 5034 1340 5103 ignorantia:
1404 5040 1780 5106 illuminavit,
1825 5039 2160 5109 [rigidasque
2199 5047 2256 5090 et
2300 5045 2542 5091 mortuas
2575 5040 2789 5093 animas
2822 5039 3005 5093 calore
3025 5041 3148 5094 ﬁdei
3193 5041 3508 5096 viviticavit.

279 5112 284 5116 ’
311 5118 375 5172 δ’.
419 5116 540 5173 Ἔτι
575 5123 602 5175 6
636 5124 883 5194 Μωάμσθ
921 5129 1010 5178 τὸν
1039 5130 1274 5198 Χριστὸν
1306 5135 1368 5186 ἐκ
1400 5135 1674 5204 παρθένου
1698 5154 1822 5204 γεν-

243 5210 473 5281 νηθῆναι
514 5213 769 5282 ὁμολογεί
816 5218 948 5275 ἄνευ
996 5221 1213 5290 ἀνδρὸς,
1268 5227 1533 5297 αἱρετικῴ
1593 5229 1821 5298 Καρπο-

242 5304 437 5374 κράτει
475 5309 812 5374 ἀκολουθῶν,
837 5313 970 5366 Θεὸν
1001 5315 1058 5368 δὲ
1095 5317 1186 5370 καὶ
1210 5319 1345 5370 Θεοῦ
1388 5320 1514 5373 Υίὸν
1542 5317 1818 5465 offatm);

242 5396 394 5452 δυσὶν
428 5399 740 5465 ἀποδείξεσι
773 5405 1056 5465 χρώμενος
1084 5422 1097 5436 ⁸
1128 5410 1208 5462 ὅτι
1246 5427 1305 5463 τε
1352 5414 1380 5464 6
1407 5414 1581 5465 Χοιστ
1618 5432 1644 5465 ς
1674 5415 1818 5465 οὐδέ-

240 5396 394 5452 δυσὶν
428 5399 740 5466 ἀποδείξεσι
773 5405 1056 5474 χρώμενος
1084 5422 1097 5436 ⁸
1128 5410 1208 5462 ὅτι
1246 5427 1305 5463 τε
1352 5414 1380 5464 6
1407 5396 1644 5482 Χριστός
1674 5415 1824 5467 οὐδέ-

239 5503 374 5539 ποτε
405 5489 536 5558 περὶ
563 5490 764 5544 ἑαυτοῦ
793 5493 950 5546 τοῦτο
979 5495 1104 5565 ἔφη.
1143 5499 1236 5552 καὶ
1277 5499 1356 5552 ὅτι
1398 5501 1509 5561 τοῖς
1543 5501 1821 5564 Ἰουδαίοις

238 5569 381 5640 εἷπε,
423 5594 442 5628 ι
480 5579 845 5662 Προσκυνεῖτε
891 5583 984 5637 τὸν
1025 5585 1157 5637 Θεόν
1205 5606 1306 5652 μου
1338 5588 1428 5642 καὶ
1471 5588 1605 5640 Θεὸν
1639 5577 1818 5657 ὑμῶν,

243 5668 336 5720 καὶ
366 5669 579 5740 Κύριόν
614 5690 717 5743 μου
768 5675 865 5756 καί
891 5677 1096 5748 Κύριον
1132 5679 1305 5749 ὑμῶν,
1348 5699 1367 5734 ι
1415 5681 1475 5735 ῗΟ
1524 5682 1578 5733 δὲ
1617 5683 1821 5746 σκοπὸς

315 5827 378 5907 ’ξ
406 5826 544 5884 Gen.
589 5846 638 5898 ι,
687 5830 736 5886 1.
817 5834 858 5865 ⁶¹
900 5833 1040 5889 Psal.
1084 5851 1196 5902 cm,
1245 5836 1337 5891 Ἡ.
1417 5838 1458 5868 δ’
1502 5838 1641 5894 Psal-
1691 5855 1860 5907 “XII,
1906 5841 1957 5895 6-

253 5895 304 5959 1,
347 5898 403 5951 9..

2003 5134 2059 5186 4.
2097 5131 2366 5185 Praeterea
2395 5131 2689 5199 Mahomet',
2732 5131 3080 5202 Carpocratis
3120 5135 3360 5192 hmretiei
3392 5138 3514 5205 opi-

1931 5225 2171 5278 nionem-
2200 5233 2443 5289 serutus,
2480 5223 2762 5281 Christum
2808 5241 2872 5278 ex
2909 5225 3120 5295 virgine
3172 5237 3356 5280 natum
3392 5228 3510 5281 sine

1932 5322 2079 5375 virili
2129 5337 2293 5392 opera
2345 5322 2660 5383 conﬁtetur,
2698 5321 2866 5374 Deum
2904 5338 3031 5377 vero
3071 5333 3128 5378 et
3172 5325 3265 5379 Dei
3313 5325 3508 5379 Filium

1929 5428 2051 5468 esse
2087 5422 2267 5482 negat.
2301 5415 2515 5468 duobus
2543 5414 2633 5468 hic
2661 5415 2998 5486 argumentis
3031 5431 3160 5474 usus
3187 5433 3199 5468 :
3235 5418 3382 5486 quod
3411 5433 3510 5471 nec

1929 5505 2183 5558 Christus
2213 5505 2316 5559 hoc
2342 5521 2580 5575 unquam
2611 5506 2677 5558 de
2705 5520 2762 5560 se
2791 5507 3014 5571 dixerit,
3060 5517 3112 5562 et
3138 5509 3282 5576 quod
3306 5510 3508 5563 Judmis

1931 5597 2132 5650 dixerit
2163 5616 2175 5651 :
2214 5616 2231 5650 ι
2276 5597 2514 5652 Adorate
2544 5599 2714 5652 Deum
2742 5613 2922 5652 meum
2956 5609 3011 5652 et
3043 5601 3212 5654 Deum
3242 5611 3501 5655 vestrum.

1930 5686 2222 5750 Dominum
2282 5703 2463 5742 meum
2515 5698 2571 5742 et
2634 5688 2924 5742 Dominum
2990 5700 3258 5746 vestrum.
3296 5691 3502 5762 nlmpii

2057 5844 2100 5874 ⁵³
2142 5843 2302 5905 Prov.
2350 5861 2428 5911 tn,
2475 5846 2560 5900 19.
2668 5848 2711 5878 °"
2752 5847 2855 5904 Isa.
2898 5863 3004 5916 xu,
3036 5852 3086 5909 5.
3180 5848 3222 5881 ⁵⁵
3263 5845 3423 5907 10m.
3463 5868 3505 5921 ι,
