4136 6312
209 413 320 475 6‘3'3
490 446 494 452 ν
1168 405 1468 468 CONTRA
1511 403 1873 500 BARLAAM
1916 400 2011 462 ET
2041 399 2520 464 ACINDYNUM.
3366 398 3477 462 698

1449 703 2239 825 ΡΒῡίΕΜΙυΜ

580 948 890 1046 ΤΟΜί
970 948 1444 1046 CONTRA
1535 945 2079 1037 BARLAAM
2154 946 2307 1037 ET
2386 945 3111 1041 ACINDYNUM

1097 1146 1494 1213 AUCTORE
1547 1142 2150 1212 CHRISTODULO
2191 1143 2633 1209 ΜΟΝΑΟΗΟ.

1183 1461 1759 1557 MONITUM
1834 1461 2522 1558 EDITORUM.

302 1763 437 1824 Sub
467 1763 687 1827 ﬁctitio
729 1767 1016 1831 monachi
1059 1770 1458 1835 Christoduli
1501 1776 1763 1839 nomine
1804 1779 1955 1841 latet
2010 1779 2289 1843 Ioannes
2340 1779 2849 1854 Cantacuzenus,
2896 1777 3007 1858 qui
3044 1793 3079 1840 e
3118 1773 3288 1840 solio
3316 1775 3490 1838 Con-

223 1865 803 1944 stantinOpolitano
840 1871 1126 1950 dejectus
1161 1874 1448 1938 habitum
1480 1879 1917 1941 monachalem
1973 1879 2207 1941 induit.
2238 1879 2664 1942 Doctissimus
2696 1877 2993 1951 Bandini,
3031 1879 3100 1940 in
3134 1875 3336 1939 Calai.
3377 1877 3495 1937 Bi-

222 1963 450 2025 blioth.
502 1966 800 2031 Laurent.
839 1978 882 2032 t.
930 1974 975 2042 Ι,
1018 1991 1077 2050 p.
1115 1973 1253 2049 352,
1299 1979 1598 2040 volumen
1633 1980 1750 2042 hoc
1779 1987 1840 2041 et
1871 1988 2178 2044 memorat
2228 1987 2288 2043 et
2321 1982 2650 2059 expendit,
2683 1979 2882 2043 veluti
2915 1979 3155 2041 librum
3186 1995 3222 2040 a
3251 1981 3496 2039 Joanne

218 2065 663 2130 Cantacuzeno
698 2071 761 2132 in
796 2072 1100 2134 Barlaami
1149 2083 1211 2137 et
1247 2077 1570 2156 Acindyni
1640 2078 1935 2143 bmresim
1993 2079 2395 2142 refutandam
2434 2079 2711 2154 editum;
2768 2094 2839 2141 ac
2887 2078 3080 2143 simul
3131 2077 3498 2154 suppeditat

223 2170 521 2232 notitiam
561 2175 740 2236 Tomi
796 2194 988 2257 quem
1034 2179 1313 2242 Joannes
1352 2181 1703 2258 patriarcha
1752 2183 1872 2246 CP.
1907 2184 1975 2246 in
2008 2185 2267 2246 eosdem
2306 2182 2702 2245 Barlaamum
2737 2187 2800 2246 et
2829 2181 3254 2259 Acindynum,
3285 2185 3504 2256 protu-

226 2271 337 2343 lit;
370 2271 482 2333 sed
517 2274 668 2336 mira
702 2276 1168 2342 inadvertentia
1203 2281 1426 2344 scribit
1459 2284 1626 2346 hunc
1659 2287 1932 2347 Tomum
1985 2285 2178 2364 dirigi
2218 2283 2520 2345 adversus
2574 2281 2921 2355 Palamam,
2982 2279 3390 2342 Barlaamum
3444 2287 3503 2340 et

219 2370 646 2452 Acindynum,
705 2381 885 2459 quasi
945 2385 1233 2462 synodus
1297 2404 1442 2465 qum
1495 2387 1557 2448 in
1620 2388 1857 2449 tuenda
1912 2386 2233 2450 sententia
2283 2386 2564 2448 Palamm.
2605 2391 2762 2459 erat,
2823 2399 2961 2447 eam
3016 2383 3406 2453 damnasset,
3438 2387 3504 2442 et

224 2474 590 2539 Barlaamus
626 2496 769 2542 cum
795 2483 1162 2564 Acindyno,
1204 2488 1318 2564 qui
1352 2489 1735 2551 sententiam
1773 2489 2038 2551 Palamm
2065 2489 2296 2551 acriter
2326 2486 2813 2568 impugnarunt,
2845 2493 2906 2548 et
2935 2501 2967 2545 a
3000 2483 3254 2546 Palama
3287 2483 3504 2561 impu-

224 2579 398 2654 gnati
423 2587 597 2655 sunt,
638 2583 908 2675 Palamae
958 2589 1353 2649 adamussim
1388 2593 1848 2653 consensisset.
1878 2593 2124 2666 Postea,
2158 2607 2302 2671 pag.
2333 2590 2439 2663 23,
2471 2604 2756 2655 errorem
2792 2585 3158 2664 suum,jam
3188 2583 3503 2675 agnitum,

223 2681 552 2760 c-orrigere
587 2672 812 2749 volens
841 2689 904 2751 in
939 2691 1140 2754 alium
1179 2693 1520 2772 prolapsus
1547 2683 1678 2758 est.
1725 2696 2072 2759 Contendit
2119 2712 2350 2775 nempe
2379 2696 2690 2780 Joannem
2720 2672 3506 2757 Cantacuzenum‘nedum

223 2781 542 2843 Palamam
569 2785 914 2864 refelleret,
942 2792 1079 2868 ejus
1109 2793 1417 2857 doctrinre
1447 2796 1732 2874 apprime
1770 2797 2030 2868 favisse,
2066 2798 2240 2876 quod
2292 2812 2512 2858 verum
2544 2803 2642 2858 est
2674 2816 2690 2856 :
2731 2794 2846 2857 sed
2883 2799 3126 2855 temere
3149 2789 3502 2869 conjiciens

228 2882 543 2948 Palamam
582 2886 648 2951 in
682 2889 793 2953 illa
825 2894 1199 2969 praefatione
1236 2897 1631 2976 impugnari,
1663 2899 1833 2977 quod
1865 2896 2096 2959 falsum
2130 2903 2250 2970 est,
2285 2895 2519 2959 asserit
2551 2893 2873 2958 rubricam
2904 2891 3150 2955 codicis
3183 2905 3346 2954 nene
3376 2888 3491 2950 de-

226 2983 451 3067 letam,
484 2989 567 3052 ita
628 2991 960 3071 legendam
1017 3014 1158 3058 esse
1194 3016 1208 3063 :
1243 3001 1514 3062 Joannis
1587 3000 2038 3079 Cyparissiota
2104 3009 2331 3061 contra
2377 2994 2698 3058 Palamam
2749 2994 3114 3056 hcereticum
3161 3006 3502 3051 sermones.

227 3087 454 3150 Utrum
483 3092 734 3158 rubrica
767 3114 929 3174 pene
951 3099 1287 3164 obliterata
1305 3102 1523 3178 fuerit,
1545 3121 1770 3180 necne,
1793 3103 2202 3184 ignoramus;
2248 3102 2310 3164 id
2332 3106 2560 3164 autem
2585 3097 2759 3161 certo
2794 3095 3033 3160 certius
3067 3094 3329 3167 scimus,
3363 3109 3506 3155 eam

231 3194 422 3256 verba
440 3213 476 3260 a
496 3197 869 3263 doctissimo
891 3205 1180 3268 Bandino
1196 3207 1435 3287 prolata
1457 3209 1694 3273 referre
1717 3227 1842 3273 non
1871 3202 2155 3287 potuisse
2176 3230 2192 3280 ;
2212 3206 2564 3286 siquidem,
2581 3202 2816 3267 nedum
2835 3201 3152 3264 Palamam
3177 3203 3506 3279 impugnat

227 3307 476 3374 auctor,
537 3315 573 3361 θ
626 3310 841 3366 contra
869 3305 1313 3385 Hesychiastas
1361 3308 1705 3371 Palamitas
1750 3328 1827 3373 ex
1880 3308 2199 3372 industria
2237 3306 2547 3370 defendit.
2608 3305 2744 3367 Hos
2798 3289 3012 3365 autem
3043 3301 3496 3382 Hesychiastas

227 3405 497 3461 strenue
537 3402 819 3481 aggressi
861 3414 1010 3469 sunt
1068 3409 1350 3473 Joannes
1408 3413 1878 3491 Cyparissiotes
1909 3421 1972 3476 et
2015 3411 2326 3480 Barlaam,
2377 3407 2646 3473 Palamae
2682 3404 3060 3471 adversarii.
3094 3405 3348 3468 Falsum
3405 3414 3508 3468 est

228 3503 438 3581 igitur
469 3505 778 3569 Joannem
811 3509 1311 3590 Cyparissiotem
1346 3514 1538 3595 hujus
1575 3519 1792 3596 operis
1822 3525 2150 3579 auctorem
2203 3530 2370 3576 esse.
2401 3513 2625 3591 Itaque
2654 3511 2855 3574 codex
2887 3509 3001 3574 ille
3032 3511 3316 3577 continet
3340 3504 3508 3573 'seri-

231 3613 415 3685 ptum
462 3623 597 3685 quo
633 3611 913 3675 Joannes
973 3615 1481 3695 Cantacuzenus,
1516 3622 1783 3685 Palamm
1835 3623 2102 3698 assecla,
2136 3621 2202 3684 in
2262 3621 2662 3682 Barlaamum
2695 3625 2759 3682 et
2786 3616 3200 3697 Acindynum
3237 3614 3507 3676 Palamai

228 3708 636 3775 adversarios
685 3716 1074 3795 composuit.
1111 3718 1180 3781 In
1229 3721 1351 3783 ﬁne
1405 3725 1648 3788 notitia;
1702 3724 2002 3799 Bandini,
2036 3743 2100 3804 p.
2131 3724 2272 3796 359,
2306 3723 2514 3803 liquet
2542 3730 2871 3787 auctorem
2907 3718 3056 3782 libri
3107 3716 3265 3783 olim
3295 3715 3508 3799 impe-

231 3812 509 3870 ratorem
535 3823 606 3871 ac
636 3810 871 3877 deinde
923 3816 1301 3880 monachum
1344 3817 1574 3896 fuisse,
1611 3839 1756 3902 quae
1808 3828 1976 3885 noue
2005 3822 2233 3885 Joanni
2270 3822 2720 3886 Cantacuzeno
2765 3818 2952 3885 facile
2981 3825 3303 3898 aptantur.

2585 3921 2751 3984 1.4!.
2779 3921 2865 3985 Μ.

967 4190 1202 4248 ΤΟΜΟΣ
1242 4191 1280 4246 Γ
1283 4193 1366 4247 ΕΓ
1371 4190 1550 4247 ΟΝΩΣ
1586 4191 1773 4248 ΠΑΡΔ
1817 4193 1957 4248 ΤΟΥ
1994 4191 2449 4250 ΠΛΤΡΙΔΡΧΟΥ
2488 4189 2800 4250 ΙΩΑΝΝΟΥ

1542 4335 1665 4388 1(Δί
1699 4335 1838 4392 ΤΗΣ
1879 4337 2198 4391 ΣΥΝΟΔΟΥ

1174 4475 1365 4531 ΚΑΤΑ
1401 4476 1538 4530 τηε
1570 4476 1709 4531 Tur
1738 4475 2072 4535 ΒΑΡΛΑΔΜ
2113 4467 2575 4540 κΑκοΔοειΑΣ.

1051 4749 1326 4815 TOMUS
1379 4751 1686 4816 FACTUS
1733 4754 1785 4813 Α
1833 4749 2353 4814 PATRIARCHA
2397 4745 2701 4811 JOANNE

1626 4906 1734 4968 ET
1781 4904 2108 4968 SYNODO

921 5056 1302 5120 CONTRA
1350 5058 1731 5124 FALSAM
1776 5057 2310 5120 OPINIONEM
2341 5056 2828 5122 BARLAAM.

242 5213 436 5277 (Codex
458 5211 657 5265 Gracns
683 5207 1120 5277 cbartaceus__ms.2
1158 5205 1208 5257 in
1243 5207 1330 5277 fol.
1377 5209 1607 5277 maximo,
1619 5219 1763 5277 βψς.
1806 5219 1907 5270 μιν.
1941 5208 2139 5277 Constat
2180 5207 2312 5257 totlls
2337 5208 2536 5277 scriptis
2560 5203 3200 5277 §7g,_quem_iiolstenius
3226 5207 3279 5258 in
3305 5207 3506 5260 schedia

737 5245 1351 5329 ﬁliiféiliih'iiadéoﬁias
1377 5245 1855 5332 Βῗὲἑὶῖἱὶίὲἐῖἇιύιῖί
1869 5245 2312 5332 ἓδᾶᾚίῗῖὲηῖἰὶἱέ
2337 5245 2597 5320 ἰῖιῖᾱῗοί
2609 5245 3012 5331 ἰἶνὶδῖῖῶἵτιίἱίἳ

316 5551 575 5607 Continet
604 5554 694 5610 hic
725 5555 974 5612 maxime
1006 5557 1165 5612 molis
1212 5557 1383 5613 codex
1417 5556 1649 5612 Joannis
1671 5555 1816 5611 Can-
1931 5555 2123 5620 mium,
2159 5555 2304 5626 quod
2336 5570 2462 5610 cum
2507 5555 2622 5611 fere
2654 5563 2830 5610 totum
2861 5553 2931 5609 sit
2961 5551 3306 5618 historicum,
3352 5553 3512 5607 exhi-

243 5643 501 5698 tacuzeni
567 5644 770 5715 scripta
828 5655 1021 5701 contra
1077 5647 1376 5709 Palamam,
1433 5647 1704 5710 Barlaam,
1767 5653 1822 5698 et
1931 5648 2168 5704 bendum
2217 5647 2489 5719 integrum
2540 5647 2792 5704 arbitrati
2839 5659 3056 5714 sumus,
3091 5644 3236 5716 quod
3270 5659 3510 5715 sequens

237 5733 594 5806 Acindynum
632 5735 944 5801 haereticos,
983 5753 1090 5792 una
1122 5752 1243 5793 cum
1275 5737 1528 5792 omnibus
1562 5739 1645 5797 iis.
1703 5754 1823 5806 quae
1931 5749 2036 5795 cst.

239 5833 352 5890 hac
382 5849 550 5902 super
585 5848 640 5889 rc
671 5843 820 5904 gesta
849 5845 998 5892 sunt.
1052 5835 1312 5892 Praecedit
1351 5835 1607 5892 omnibus
1637 5836 1823 5892 Prooe-

2002 5834 2044 5887 1.
2089 5847 2209 5905 pag.
2270 5833 2321 5889 1.
2391 5832 2688 5906 Προοῖμιον
2733 5832 2814 5898 ei;
2838 5833 2965 5896 τοὺς
3021 5830 3175 5905 παρὰ
3210 5829 3302 5885 τοῦ
3336 5846 3505 5902 pavu-
