4136 6312
676 395 780 463 691

1869 368 2768 459 ΙΟΑΝΝῐεοΑΝτΑςυΖεΝι

3831 397 3950 460 692

679 516 765 570 lus
794 515 975 568 elatus
999 519 1086 567 est
1120 518 1176 567 et
1207 525 1490 584 arrogans,
1546 510 1800 567 similiter
1849 519 1907 566 et
1955 511 2244 578 Mahomet.

2362 513 2727 569 6né0avaxa‘.
2760 515 2859 570 οὐκ
2896 513 3119 585 ἀνέστη.
3163 515 3356 568 Τοὶνυν
3397 514 3484 568 διά
3535 512 3711 568 ταῦτα
3750 514 3943 565 πάντα

675 607 810 673 Quis
838 605 984 660 enim
1023 604 1331 664 Mahomete
1361 604 1534 676 major
1563 613 1668 668 est,
1699 604 1795 675 qni
1820 605 1977 660 caelis
2008 619 2244 674 supera-

677 700 768 760 tis,
799 705 860 750 nt
889 696 1006 765 ipse
1034 694 1102 750 de
1128 690 1186 750 se
1218 695 1380 758 dixit,
1429 703 1484 750 et
1517 695 1776 750 omnibus
1838 692 2104 764 angelicis
2150 708 2250 763 po-

674 788 991 852 testatibus,
1023 802 1148 842 cum
1181 787 1292 843 Deo
1313 787 1621 843 collocutus
1650 796 1760 850 est,
1798 798 1855 842 et
1916 787 2249 841 intercessor

673 890 1058 949 patronusque
1087 880 1429 950 angelorum,
1487 879 1580 949 qui
1628 879 1973 944 ceciderunt,
2045 878 2245 943 lactus,

675 972 805 1040 quin
839 972 1006 1024 etiam
1045 972 1212 1026 tutius
1246 970 1436 1025 mundi
1467 969 1807 1025 advocatus?
1848 968 2110 1023 Diabolus
2146 968 2247 1022 ho-

675 1063 874 1117 micida
906 1071 1012 1127 est,
1045 1071 1101 1118 et
1119 1048 1392 1119 blahomet
1410 1062 1637 1134 legibus
1659 1064 1774 1119 suis
1803 1077 1912 1116 non
1942 1061 2249 1132 morigeros

673 1155 838 1208 morti
867 1153 1226 1224 adiudicavit.
1266 1155 1530 1211 Diabolus
1557 1156 1817 1210 seductor
1847 1163 1952 1220 est,
1979 1163 2033 1207 et
2065 1152 2250 1206 Maha-

675 1255 785 1300 met
816 1246 1194 1318 voluptatibus
1227 1247 1507 1302 concessis
1537 1255 1594 1300 et
1620 1261 1718 1301 ceu
1752 1260 1876 1301 esca
1903 1244 2064 1299 hamo
2089 1242 2246 1297 alIixa

677 1336 966 1392 stultiores
999 1339 1103 1394 sibi
1135 1338 1477 1393 conciliavit.
1531 1337 1796 1392 Diabolus
1857 1335 2089 1391 mendax
2138 1340 2245 1398 est,

676 1440 786 1478 non
815 1435 996 1480 tamen
1031 1425 1084 1480 in
1113 1435 1326 1482 tantum
1368 1437 1635 1497 quantum
1670 1426 1944 1480 Mahomet
1969 1463 1984 1487 ,
2050 1433 2110 1478 ut
2152 1438 2248 1494 per

678 1527 855 1573 totum
890 1520 1250 1577 Alcorrannm
1281 1521 1430 1575 clare
1463 1518 1798 1575 ostenditur.
1826 1517 2085 1572 Diabolus
2115 1530 2247 1585 sup-

675 1611 931 1680 putridus
971 1621 1074 1677 est,
1106 1621 1162 1666 et
1185 1613 1508 1683 hypocrita;
1539 1620 1591 1665 et
1613 1611 1738 1679 quis
1763 1610 1865 1663 hoc
1892 1609 2062 1677 magis
2083 1622 2244 1675 quam

673 1702 974 1767 Mahomet,
1018 1704 1112 1772 qui
1155 1703 1467 1758 humilitate
1511 1703 1768 1757 simulata
1799 1700 1969 1755 animi
1997 1698 2248 1753 sublimi—

674 1800 841 1862 tatem
871 1792 1156 1861 amplexus
1189 1792 1310 1848 est?
1353 1791 1614 1847 Diabolus
1637 1792 1935 1846 vetitorum
1963 1789 2249 1844 consultor

2355 607 2446 659 τὸν
2492 606 2730 675 Χριστὸν
2771 606 2878 660 ἔδει
2923 607 3276 676 προσκυνεῖν,
3325 605 3420 660 καὶ
3461 604 3535 675 μὴ
3569 604 3648 672 τῷ
3681 602 3938 671 Μωὰμεθ

2355 696 2689 752 ἀκολουθεῖν.
2727 698 2848 760 Πῶς
2879 697 2989 768 γάρ
3020 697 3129 751 ἔδει
3158 697 3518 766 πιστευθῆναι
3551 695 3618 748 τά
3648 693 3740 747 τοῦ
3792 691 3940 746 Θεοῦ

2356 789 2512 856 λόγια
2571 787 2846 859 ἀνθρώπῳ
2904 787 3075 858 ὁμοίῳ
3135 789 3278 841 κατά
3337 789 3515 844 πάντα
3544 785 3622 854 τῷ
3673 785 3937 853 δαίμονι;

2358 881 2460 934 Καὶ
2493 876 2541 933 α
2567 880 2768 949 βούλει,
2803 880 3236 950 παραϐάλλωμεν
3260 879 3604 948 ἀμφοτέρους
3623 919 3641 943 ,
3679 878 3768 930 καὶ
3797 895 3944 943 γνω⁸

2359 971 2560 1042 σόμεθα
2614 974 2682 1024 τά
2715 970 2920 1024 τούτων
2970 970 3256 1041 ἰδιώματα.
3301 971 3361 1022 ⁸0
3393 969 3638 1032 διάϐολος
3688 966 3943 1036 ἐπηρμέ·

2356 1082 2442 1125 νος
2471 1066 2561 1116 καὶ
2603 1063 2844 1128 ἀλαζὼν,
2879 1065 2905 1116 6
2947 1062 3260 1137 MGXODpS‘E.
3298 1061 3608 1132 ἐπηρμένος
3676 1060 3768 1113 καὶ
3804 1060 3942 1111 ἀλα-

2356 1155 2488 1220 ζών.
2525 1154 2621 1218 Τίς
2666 1157 2774 1224 γὰρ
2817 1155 3017 1227 μείζων
3046 1154 3140 1207 τοῦ
3189 1153 3457 1222 Μωάμεθ,
3490 1153 3548 1214 δς
3581 1151 3940 1220 ύπεριναϐἀς

2355 1250 2480 1310 τοὺς
2525 1249 2825 1319 οὐρανοὺς,
2863 1246 2937 1311 ὡς
2985 1245 3156 1320 αὐτὸς,
3203 1246 3344 1314 ὑπὲρ
3375 1241 3542 1298 αὐτοῦ
3591 1243 3804 1313 εῐρηκε,
3835 1244 3939 1295 καὶ

2354 1341 2521 1404 αύτάς
2548 1341 2646 1402 τάς
2675 1338 2969 1408 ἀγγελικάς
3004 1339 3186 1401 πάσας
3219 1337 3478 1406 δυνάμεις
3506 1335 3585 1406 τῷ
3598 1334 3718 1402 Θεῷ
3752 1336 3935 1404 πρόσ-

2355 1431 2572 1502 ωμίλει,
2604 1433 2696 1485 καὶ
2731 1433 2960 1500 μεσίτης
2987 1431 3095 1484 τῶν
3131 1430 3469 1485 ἐπταικότων
3509 1427 3757 1498 ἀγγέλων
3812 1427 3940 1495 ὲγέ-

2357 1541 2500 1589 νετο,
2554 1523 2692 1577 ἀλλὰ
2747 1524 2841 1577 καὶ
2892 1521 3094 1585 παντὸς
3154 1522 3249 1574 τοῦ
3314 1521 3524 1592 κόσμου
3568 1520 3938 1592 προστάττῃς

2369 1615 2426 1669 Ὀ
2461 1615 2707 1678 διάϐολος
2755 1613 3235 1685 ἀνθρωποκτόνος,
3267 1611 3405 1676 ἐστὶ,
3457 1612 3551 1666 καὶ
3595 1613 3622 1664 6
3682 1609 3939 1678 Μωάμεθ

2354 1709 2480 1768 τοὺς
2521 1707 2595 1777 μὴ
2623 1707 2980 1776 πειθομένους
3015 1709 3128 1770 τοῖς
3174 1705 3443 1774 δόγμασιν
3486 1701 3658 1757 αὑτοῦ
3714 1702 3937 1770 θανάτῳ

2356 1800 2734 1854 κατεδίκασεν.
2781 1798 3098 1860 Ὀδιάϐολος
3127 1796 3387 1851 ἀπατεὼν
3415 1797 3554 1860 ἐστι,
3589 1793 3684 1848 καὶ
3709 1794 3738 1846 6
3765 1793 3938 1850 Μωά-

673 1892 776 1946 νει,
804 1882 952 1951 quod
977 1882 1030 1937 in
1054 1884 1247 1952 primis
1267 1882 1727 1950 facitMahomet;
1757 1881 1892 1936 nihil
1933 1881 2080 1936 enim
2103 1879 2244 1942 sani,

2359 1889 2459 1960 μεθ
2519 1890 2617 1952 τάς
2655 1889 2848 1960 ήδονάς
2901 1869 3106 1952 ἐνδοὺς,
3157 1887 3250 1941 καὶ
3305 1888 3497 1956 ὥσπερ
3538 1902 3591 1938 τι
3643 1885 3834 1954 δέλεαρ
3872 1884 3934 1936 ἐν

673 1974 810 2028 nihil
840 1974 1140 2040 commodi,
1173 1975 1313 2030 nihil
1336 1977 1451 2031 Deo
1477 1976 1721 2046 placens.
1783 1975 1877 2030 sed
1908 1973 2092 2027 omnia
2136 1972 2245 2026 Deo

672 2064 891 2133 legique
912 2063 1112 2125 divinae
1132 2069 1412 2121 contraria
1437 2067 1650 2123 docuit.
1685 2067 1948 2137 Diabolus
1971 2065 2062 2119 Dei
2095 2063 2244 2117 nulla

674 2153 938 2224 religione
971 2163 1222 2223 tenetur;
1255 2164 1310 2212 et
1341 2172 1439 2228 per
1468 2157 1652 2212 omnia
1687 2158 1764 2212 illi
1821 2157 2022 2212 similis
2055 2156 2242 2227 perdi-

678 2247 846 2301 tionis
878 2246 1024 2300 lllius
1050 2247 1346 2303 llahomet.
1405 2247 1574 2302 Deum
1605 2248 1755 2302 enim
1798 2247 1990 2302 adorat
2019 2256 2077 2301 et
2102 2261 2243 2316 prae-

674 2336 824 2391 dicat
866 2335 1218 2407 spinericum,
1256 2338 1341 2392 vel
1369 2339 1684 2410 globosum,
1717 2347 1772 2392 et
1803 2337 2241 2408 frigidissimum.

674 2431 873 2491 Deum,
906 2430 1154 2499 inquam,
1201 2429 1431 2497 adorat,
1487 2431 1582 2500 qui
1635 2445 1736 2486 nec
1766 2431 1984 2500 genitus
2012 2437 2114 2491 est,
2145 2443 2245 2482 nec

671 2527 941 2589 generat;
991 2534 1102 2575 non
1162 2520 1494 2590 intelligens,
1545 2519 1756 2584 infelix,
1821 2518 1968 2588 quod
2021 2532 2241 2587 corpus,

672 2626 783 2664 non
823 2610 994 2665 Deum
1026 2611 1240 2666 adoret.
1277 2609 1506 2682 Sphaera
1545 2612 1694 2666 enim
1728 2610 1978 2680 corporis
2006 2609 2240 2680 species,

671 2713 727 2757 et
750 2703 1027 2774 frigidius
1054 2703 1307 2774 corporis
1329 2704 1568 2774 qualitas
1593 2714 1696 2760 est.
1729 2703 1882 2769 Quod
1917 2716 2049 2757 vero
2073 2701 2241 2757 Deum

672 2806 832 2850 vocat
863 2811 965 2852 nec
995 2805 1373 2866 generantcm,
1404 2813 1504 2853 nec
1531 2803 1878 2867 generatum,
1915 2809 2015 2849 nec
2040 2808 2242 2863 corpus

671 2888 884 2964 adorat,
919 2901 1023 2942 nec
1045 2887 1218 2942 Deum
1247 2890 1632 2956 incorporeum
1697 2898 1911 2945 verum,
1947 2882 2040 2938 sed
2070 2881 2239 2937 Deum

670 2977 823 3041 colit,
871 2992 1032 3046 quem
1069 2976 1363 3047 impiorum
1396 2975 1604 3047 lingunt
1646 2975 1879 3032 somnia.
1926 2972 2240 3029 Ridiculum

669 3066 818 3123 enim
851 3070 1214 3135 omninoest,
1241 3067 1414 3124 solem
1437 3069 1676 3136 aliquem
1711 3067 1993 3123 celebrare
2027 3065 2237 3122 lumine

2356 1983 2636 2053 ἀγκίστρῳ
2676 1980 2852 2044 ἐνθεὶς
2879 2021 2894 2044 ,
2929 1981 3057 2043 τοὺς
3086 1969 3518 2051 ἀνοήτουςπρὸς
3556 1977 3751 2030 ἑαυτὸν
3773 1973 3938 2044 ἐφελ-

2356 2073 2581 2126 κύσατο.
2642 2071 2702 2126 ’0
2759 2072 3004 2135 διάϐολος
3062 2070 3306 2141 ψεύστης
3352 2070 3524 2135 ἆστὶν,
3561 2069 3690 2122 ἀλλ’
3728 2069 3791 2122 οὐ
3847 2085 3935 2120 το-

2357 2167 2545 2218 σοῦτον
2599 2165 2677 2229 ὡς
2719 2168 2747 2218 6
2778 2163 3045 2232 Μωάμεθ,
3099 2162 3282 2224 καθὼς
3321 2164 3380 2215 ἐν
3419 2161 3528 2230 ὅλῳ
3582 2158 3664 2229 τῷ
3709 2159 3936 2230 1(ορρἀ

2353 2256 2565 2326 τρανῶς
2597 2254 2977 2324 ἀναφαίνεται.
3026 2252 3085 2306 ὐ
3121 2251 3366 2314 διάϐολος
3407 2249 3640 2313 ὖπουλός
3672 2249 3812 2311 ἔστι,
3838 2248 3934 2300 καὶ

2353 2346 2644 2409 τίς.ἀλλος
2696 2345 2770 2408 ὡς
2812 2345 2839 2397 6
2867 2342 3138 2413 Μωάμεθ,
3187 2341 3527 2396 ταπείνωσιν
3586 2336 3934 2416 ὑποκριθεὶς,

2353 2436 2454 2504 τὴν
2504 2424 2953 2504 ὑψηλοφροσύνην
2985 2431 3308 2502 ἡσπάσατος
3370 2429 3430 2485 Ὀ
3489 2425 3739 2490 διάϐολος
3795 2424 3937 2494 σύμ-

2356 2526 2544 2588 ϐουλάς
2575 2527 2691 2579 εστι
2725 2522 2832 2578 τῶν
2857 2523 3350 2592 ἀπηγορευμένων,
3370 2519 3465 2573 καὶ
3482 2519 3623 2589 ὑπὲρ
3667 2519 3880 2578 πάντας
3907 2518 3937 2568 6

2355 2618 2630 2688 Μωάμεθ.
2649 2616 2816 2670 Οὐδὲν
2833 2616 2941 2683 γάρ
2965 2613 3135 2682 ὑγιὲς,
3157 2612 3307 2666 οὐδὲν
3323 2611 3492 2680 ὠφίλι
3499 2626 3622 2681 μον,
3641 2607 3793 2662 οὐδὲν
3811 2606 3936 2677 Θεῷ

2352 2710 2561 2774 δεκτὸν,
2593 2707 2728 2762 ἀλλά
2749 2707 2816 2760 τὰ
2849 2705 3025 2760 πάντα
3055 2704 3196 2757 κατᾶ
3226 2701 3321 2757 τοῦ
3355 2700 3495 2755 Θεοῦ
3524 2701 3619 2754 καὶ
3653 2698 3749 2753 τοῦ
3779 2697 3934 2753 θείου

2354 2801 2523 2871 νόμου
2555 2799 2817 2866 ἐδίδαξεν.
2860 2797 2922 2851 '0
2953 2794 3202 2858 διάϐολος
3225 2792 3406 2859 ἄθεος,
3446 2793 3542 2846 καὶ
3577 2791 3720 2846 κατά
3750 2791 3936 2845 πάντα

2351 2892 2538 2962 ὅμοιος
2570 2889 2720 2958 αύτῷ
2745 2891 2773 2942 6
2808 2889 2904 2958 τῆς
2928 2886 3203 2945 ἀπωλείας
3236 2885 3352 2948 υίὸς
3382 2886 3409 2938 6
3443 2882 3767 2954 Μαχούμετ.
3796 2881 3934 2934 Θεὸν

2351 2984 2458 3052 γὰρ
2484 2982 2782 3051 προσκυνεῖ
2814 2980 2910 3033 καὶ
2945 2978 3209 3048 κηρύττει
3240 2976 3567 3046 όλόσφαιρον
3601 2973 3697 3028 καὶ
3729 2973 3938 3043 ψυχρό-

2350 3091 2528 3137 τατον,
2587 3074 2719 3126 Θεὸν
2755 3073 3070 3143 προσκυνεῖ,
3119 3069 3210 3122 τὸν
3253 3069 3391 3139 μήτε
3436 3066 3794 3137 γεννηθέντα,
3821 3065 3934 3136 μή·

669 3169 976 3228 earentem,
1001 3170 1057 3215 et
1084 3160 1290 3216 lentem
1325 3160 1484 3230 aquis
1510 3159 1857 3225 destitutum,
1909 3166 1966 3214 et
2000 3166 2238 3214 mentem

2353 3183 2406 3220 τε
2429 3167 2786 3236 γεννήσαντα.
2817 3164 2893 3236 μὴ
2920 3165 3116 3232 νοήσας
3134 3164 3162 3216 6
3179 3159 3417 3225 δείλαιος
3453 3161 3535 3214 δτι
3570 3158 3938 3230 σῶμαπροσ-

669 3254 887 3308 ratione
917 3253 1064 3307 nulla
1089 3251 1397 3323 puditum.
1431 3252 1626 3308 Pereat
1663 3253 1844 3321 itaque
1882 3251 2024 3307 Deus
2050 3250 2240 3320 hujus-

2353 3261 2516 3322 κυνεῖ,
2569 3259 2661 3312 καὶ
2694 3259 2757 3311 ού
2804 3257 2954 3310 Θεόν.
3021 3257 3083 3309 Ἥ
3129 3255 3238 3325 γάρ
3270 3255 3478 3324 σφαῖρα
3532 3247 3670 3314 εἶδος
3745 3249 3938 3320 σῶμα·

646 3344 840 3400 ·ιιιοὰἰ.
870 3343 1314 3407 Christianorum
1340 3359 1472 3401 vero
1498 3344 1645 3400 Deus
1674 3358 1822 3400 unus
1849 3352 1954 3407 est,
1985 3343 2079 3411 qui
2109 3350 2239 3397 ante

2353 3351 2437 3414 τός
2469 3351 2634 3416 ἐστιν
2670 3348 2768 3403 καὶ
2800 3348 2832 3419 η
2860 3346 3042 3418 ψύξις
3065 3345 3593 3416 ποιότηςσιίῳατος.
3621 3343 3695 3394 Τὸ
3716 3342 3772 3394 δὲ
3799 3341 3940 3393 Θεὸν

667 3436 854 3491 omnia
882 3438 948 3492 de
982 3437 1262 3502 omnibus,
1295 3438 1349 3492 in
1400 3436 1683 3501 omnibus,
1743 3445 1801 3489 et
1855 3449 2023 3503 super
2054 3433 2240 3486 omnia

667 3537 752 3582 est
786 3528 1094 3585 innomine
1129 3527 1329 3595 Patris,
1362 3527 1483 3583 Filii
1515 3537 1573 3583 et
1598 3526 1838 3598 Spiritus
1895 3524 2070 3580 sancti
2118 3539 2242 3578 cre-

669 3621 822 3674 ditus
850 3630 907 3674 et
937 3619 1265 3696 honoratus,
1299 3620 1495 3677 Unitas
1522 3621 1576 3674 iu
1601 3617 1893 3682 Trinitate,
1927 3625 1981 3671 et
2004 3614 2245 3686 Trinitas

669 3718 724 3769 in
758 3715 976 3776 Hnltate
1001 3715 1286 3771 inconfuse
1308 3715 1483 3778 unita,
1505 3723 1560 3769 et
1585 3713 1935 3783 inseparatim
1962 3713 2240 3779 distincta,

669 3809 888 3876 eadem,
947 3808 1197 3877 inquam,
1250 3807 1450 3879 ﬁnitas
1477 3814 1534 3862 et
1571 3806 1817 3861 Trinitas
1858 3805 2239 3876 omnipotens;

670 3902 832 3956 Pater
858 3901 1132 3970 principio
1172 3914 1391 3967 carens,
1432 3915 1542 3954 non
1583 3901 1749 3972 modo
1802 3910 2045 3969 tempore
2077 3897 2246 3953 incir-

673 3994 1065 4061 cumscriptus,
1120 3992 1214 4047 sed
1247 3993 1395 4048 omni
1431 3992 1597 4048 modo
1621 3991 1788 4048 etiam
1813 4005 1976 4046 causa
2006 4003 2200 4046 carens
2227 4005 2240 4040 :

669 4087 826 4142 solus
854 4086 969 4155 ipse
999 4099 1185 4148 causa,
1208 4083 1383 4150 radix,
1417 4075 1477 4141 et
1505 4085 1628 4141 fons
1659 4085 1992 4145 Divinitatis.
2040 4096 2161 4154 quae
2182 4096 2243 4137 in

669 4180 807 4234 Filio
835 4187 892 4233 et
915 4174 1120 4248 Spiritu
1153 4187 1342 4233 sancto
1378 4179 1627 4234 cernitur
1658 4197 1673 4233 :
1699 4178 1815 4247 qui,
1853 4191 2071 4247 precor,
2115 4191 2248 4246 pro.

674 4271 844 4339 pitius
871 4269 1034 4324 nobis
1055 4270 1148 4334 sit,
1185 4279 1237 4324 et
1287 4270 1546 4325 omnibus
1571 4269 1906 4325 Christianis
1946 4268 2000 4323 in
2037 4268 2125 4323 die
2155 4267 2246 4332 iu-

671 4361 823 4423 dicii,
856 4361 1257 4416 intercessione
1283 4360 1589 4418 benedictae
1612 4361 1851 4416 domina:
1888 4370 2089 4416 nostra:
2119 4357 2245 4413 Dei-

669 4468 817 4523 para:
868 4462 929 4508 et
958 4451 1186 4524 virginis
1239 4454 1441 4523 Mariae,
1493 4456 1852 4527 omniumque
1898 4449 2241 4510 canctorn’m.

668 4549 868 4600 Amen.

2345 3442 2436 3496 τὸν
2487 3443 2625 3513 μήτε
2653 3441 2993 3512 γεννήσαντα
3023 3441 3161 3511 μήτε
3200 3455 3203 3458 ·
3231 3436 3564 3508 γεννηθέντα
3612 3432 3737 3487 οὔτε
3772 3433 3941 3502 σῶμα

2348 3535 2668 3602 προσκυνεῖ,
2713 3532 2838 3586 οὕτε
2869 3531 3006 3585 Θεὸν
3060 3531 3357 3601 ἀσώματον
3411 3531 3508 3584 καὶ
3560 3525 3760 3597 ἀληθῆ.
3796 3524 3942 3578 άλλά

2345 3623 2479 3677 Θεὸν
2527 3624 2851 3694 προσκυνεῖ,
2878 3623 2980 3692 ι’δν
3014 3623 3220 3692 δνειροι
3268 3621 3378 3675 τῶν
3417 3619 3634 3675 ἀσεϐῶν
3669 3617 3943 3672 διαπλάτ-

2347 3732 2518 3770 τουσι.
2545 3715 2762 3785 Γελοῖον
2801 3714 2910 3785 γὰρ
2952 3713 3171 3776 πάντως
3205 3713 3324 3767 leni
3353 3711 3600 3778 δοξάζειν
3625 3712 3746 3766 τινα
3781 3711 3943 3782 ἥλιον

2351 3809 2427 3878 μὴ
2466 3807 2658 3879 ἔχοντα
2691 3790 2826 3876 φῦς.
2858 3807 2954 3862 καὶ
2992 3807 3175 3878 πηγὴν
3231 3806 3365 3860 ἀνευ
3425 3806 3644 3871 ὓδατος,
3686 3803 3942 3860 καινοῦν

2349 3899 2508 3968 λόγον
2540 3898 2619 3972 μὴ
2647 3898 2861 3972 ῑχοντα,
2907 3899 2984 3962 ὡς
3013 3899 3269 3952 ἀπόλοιτο
3296 3900 3325 3952 6
3351 3914 3600 3961 τοιουτος
3648 3897 3807 3962 Θεός.
3874 3897 3942 3950 Ὀ

2347 3990 2404 4045 δι
2458 3993 2588 4063 παρ’
2620 3991 2778 4064 ἡμῶν
2813 3991 2926 4046 τῶν
2986 3990 3332 4062 Χριστιανῶν
3391 3989 3526 4055 Θεὸς
3581 3985 3662 4054 εἷς
3695 3991 3870 4055 εστιν,
3910 3988 3942 4039 6

2349 4085 2456 4155 πρὸ
2517 4086 2761 4152 πάντων,
2824 4084 2922 4140 καὶ
2982 4086 3075 4138 επὶ
3109 4083 3351 4150 πάντων,
3411 4085 3507 4136 καὶ
3552 4083 3613 4137 ιν
3646 4081 3941 4144 πᾶσι,.καὶ

2350 4179 2492 4249 ὑπὲρ
2531 4178 2592 4232 τὸ
2629 4180 2757 4245 πᾶν,
2787 4179 2846 4252 ιν
2894 4178 3069 4250 Πατρὶ
3121 4179 3217 4232 καὶ
3269 4177 3383 4246 Υἱῷ
3431 4176 3529 4231 καὶ
3576 4177 3716 4246 ἀγίῳ
3757 4175 3937 4228 Ilvati-

2353 4288 2484 4341 ματι
2525 4271 2921 4342 πιστευόμενός
2969 4288 3030 4325 τε
3061 4271 3157 4326 καὶ
3189 4268 3695 4339 προσκυνούμενος,
3763 4268 3941 4334 μονὰς

2349 4365 2409 4418 ιν
2432 4363 2647 4435 Τριάδι,
2675 4366 2768 4418 καὶ
2789 4363 2959 4434 Τριάς
2985 4365 3042 4417 ἐν
3062 4363 3272 4434 μνάδι,
3294 4362 3619 4433 ἀσυγχύτως
3639 4361 3943 4431 δνουμένη,

2351 4455 2447 4511 καὶ
2500 4447 2814 4525 ἀμερίστως
2855 4455 3233 4528 διαιρουμένη.
3298 4454 3483 4518 Μονάς
3537 4458 3570 4522 ἡ
3627 4452 3787 4522 αὑτὴ.
3835 4456 3944 4505 καὶ

2349 4549 2521 4618 τριάς
2559 4548 2990 4618 παντοδύναμος.
3037 4546 3226 4619 Πατὴρ
3254 4548 3520 4619 ἀναρχος,
3570 4547 3634 4600 ού
3662 4546 3824 4615 μόνον
3856 4544 3940 4606 ὡς

667 4637 919 4704 ἀκρονος,
945 4637 1083 4691 ἀλλά
1111 4643 1206 4692 καὶ
1244 4647 1320 4701 ως
1350 4626 1492 4691 κατᾶ
1523 4637 1702 4693 πάντα
1765 4638 1965 4707 τρόπον
1998 4637 2259 4702 ἀναίτιος.
2300 4639 2476 4700 Μόνος
2543 4637 2714 4704 αἰτία,
2743 4639 2838 4691 καὶ
2877 4637 3028 4708 ῥίζα,
3080 4638 3176 4691 καὶ
3218 4639 3389 4708 πηγὶῑ
3420 4640 3519 4706 τῆς
3582 4639 3641 4691 ὲν
3668 4635 3781 4705 Υίῷ
3839 4639 3942 4690 καὶ

671 4729 814 4822 ἁγίῳ
877 4729 1158 4802 Πνιύματι
1214 4730 1596 4803 θεωρουμένης
1652 4732 1949 4802 Θεότητος,
1992 4733 2050 4796 δς
2097 4733 2255 4796 ἵλεως
2291 4735 2508 4802 γένοιτο
2545 4734 2699 4805 jutiv
2752 4734 2848 4787 καὶ
2914 4735 3053 4788 πᾶσι
3105 4733 3456 4805 Χριστιανοῐς
3502 4733 3563 4787 ιν
3626 4734 3693 4803 τῇ
3747 4732 3943 4802 ἡμέρᾳ.

671 4823 769 4888 τῆς
839 4823 1096 4892 apicem.
1146 4826 1467 4897 πρεσϐείαις
1512 4825 1614 4895 τῆς
1671 4826 2189 4898 ύπερευλογημίνης
2256 4826 2546 4898 δεσποίηνς
2607 4826 2768 4898 ἡμῶν
2815 4825 3069 4883 θεοτόκου
3143 4829 3237 4884 καὶ
3294 4825 3658 4897 ἀειπαρθινου
3706 4825 3943 4897 Μαρίας

671 4924 771 4976 καὶ
813 4924 1035 4975 πάντων
1075 4921 1181 4975 τῶν
1217 4923 1411 4985 ἀγίων.
1479 4924 1674 4995 Ἀμήν.
