4136 6312
229 420 336 481 6‘33
505 452 511 458 ι
1183 412 1483 476 CONTRA
1525 411 1862 508 BARLAM

1858 412 1887 473 ί
1931 409 2025 471 ΕΤ
2055 407 2535 473 -ΑΕΙΝΒΥΝΠΜ,
3381 409 3491 472 ϋθί

1464 712 2252 832 PROOEMIUM

594 955 904 1053 ΤΟΜί
985 955 1457 1053 CONTRA
1549 954 2092 1045 BARLAAM
2167 955 2320 1046 ET
2400 955 3124 1051 ACINDYNUM

1110 1153 1507 1220 AUCTORE
1561 1151 2163 1220 CHRISTODULO
2204 1152 2646 1218 ΜΟΝΑΟΗΟ.

1196 1468 1772 1564 MONITUM
1847 1471 2535 1566 EDITORUM.

317 1769 449 1830 Sub
480 1770 700 1833 ﬁctitio
741 1774 1028 1837 monachi
1071 1777 1470 1843 Christodult'
1514 1784 1775 1848 nomine
1817 1787 1968 1849 latet
2023 1788 2302 1852 Joannes
2352 1789 2862 1864 Cantacuzenus,
2908 1788 3020 1867 qui
3056 1804 3092 1849 e
3130 1784 3300 1850 solio
3329 1785 3504 1849 Con—

237 1871 815 1950 stantinOpolitano
853 1878 1139 1958 dejectus
1173 1881 1460 1946 habitum
1493 1888 1929 1949 monachalem
1985 1887 2220 1950 induit.
2251 1889 2677 1951 Doctissimus
2709 1887 3005 1960 Bandini,
3043 1889 3112 1949 in
3147 1886 3349 1950 Catal.
3389 1888 3507 1948 Bi-

235 1969 461 2031 blioth.
515 1972 812 2038 Laurent.
852 1985 895 2039 t.
942 1981 986 2049 Ι,
1030 1997 1089 2057 p.
1126 1981 1265 2056 3&2,
1311 1986 1611 2048 volumen
1645 1988 1762 2050 hoc
1791 1996 1853 2050 et
1883 1997 2190 2053 memorat
2241 1996 2301 2052 et
2333 1991 2662 2069 expendit,
2695 1989 2894 2053 veluti
2927 1989 3167 2052 librum
3198 2006 3234 2051 a
3263 1991 3508 2050 Joanne

231 2070 676 2136 Cantacuzeno
711 2077 773 2139 in
809 2079 1112 2141 Barlaami
1162 2090 1222 2144 et
1258 2085 1583 2164 Acindyni
1652 2086 1948 2152 haeresim
2005 2087 2407 2151 rcfutaudam
2445 2089 2723 2164 editum;
2780 2104 2851 2151 ac
2898 2089 3092 2153 simul
3142 2087 3510 2165 suppeditat

235 2176 532 2238 notitiam
573 2181 752 2242 Tomi
807 2200 1000 2264 quem
1046 2187 1326 2250 Joannes
1364 2190 1714 2266 patriarcha
1765 2191 1884 2255 (ΖΡ.
1919 2193 1987 2255 in
2021 2194 2278 2255 eosdem
2318 2192 2714 2255 Barlaamum
2749 2198 2812 2255 et
2840 2191 3266 2270 Acindynum.
3297 2195 3516 2266 protu-

238 2276 350 2348 lit;
382 2277 493 2339 sed
528 2280 680 2342 mira
715 2282 1180 2349 inadvertentia
1215 2289 1438 2351 scribit
1471 2292 1637 2354 hunc
1670 2295 1944 2355 Tomum
1997 2295 2190 2372 dirigi
2230 2293 2531 2354 adversus
2585 2291 2932 2365 Palamam,
2993 2290 3401 2353 Barlaamum
3455 2298 3515 2351 et

231 2376 658 2458 Acindynum,
717 2388 897 2465 quasi
956 2392 1244 2469 synodus
1309 2411 1454 2473 qum
1507 2395 1569 2456 in
1632 2397 1869 2457 tuenda
1924 2396 2244 2459 sententia
2295 2395 2560 2457 Palamaa
2616 2401 2774 2468 erat,
2833 2409 2972 2457 eam
3027 2394 3417 2463 damnasset,
3449 2398 3515 2452 et

236 2479 601 2546 Barlaamus
638 2502 781 2548 cum
806 2489 1174 2571 Acindyno,
1216 2495 1330 2573 qui
1363 2497 1746 2559 sententiam
1785 2497 2049 2559 Palamm
2077 2498 2307 2559 acriter
2338 2495 2824 2577 impugnarunt,
2855 2502 2917 2558 et
2947 2512 2978 2555 δ
3011 2493 3265 2556 Palama
3299 2494 3516 2572 impu-

235 2584 410 2660 gnati
434 2593 609 2661 sunt,
649 2589 919 2685 Palamm
969 2596 1364 2656 adamussim
1400 2600 1859 2662 consensisset.
1888 2601 2134 2674 Postea,
2168 2616 2313 2680 pag.
2344 2600 2450 2672 23,
2483 2613 2767 2665 errorem
2803 2595 3168 2675 auum,jam
3199 2593 3514 2686 agnitum,

234 2687 563 2766 corrigere
598 2678 823 2755 volens
852 2696 916 2757 in
951 2698 1152 2761 alium
1191 2701 1532 2780 prolapsus
1559 2691 1690 2766 'est.
1736 2705 2082 2768 Contendit
2130 2678 2361 2783 nempe
2389 2706 2701 2767 Joannem
2731 2678 3518 2766 Cantacuzenum‘nedum

237 2787 553 2849 Palamam
581 2792 925 2870 refelleret,
953 2799 1090 2875 ejus
1120 2800 1429 2865 doctrinm
1458 2804 1744 2881 apprime
1780 2805 2041 2876 favisse,
2076 2806 2251 2884 quod
2303 2821 2523 2867 verum
2548 2786 2652 2867 est
2685 2826 2701 2865 :
2741 2803 2856 2867 sed
2894 2809 3138 2864 temere
3161 2800 3513 2880 conjiciens

239 2887 554 2954 Palamam
593 2893 659 2958 in
693 2895 804 2960 illa
837 2901 1210 2977 praefatione
1247 2904 1642 2984 impugnari,
1674 2907 1843 2985 quod
1876 2905 2106 2967 falsum
2140 2912 2261 2979 est,
2295 2904 2529 2967 asserit
2561 2903 2884 2967 rubricam
2915 2901 3161 2965 codicis
3193 2915 3356 2971 neue
3387 2899 3501 2961 de-

237 2989 462 3073 letam,
495 2995 578 3058 ita
640 2998 971 3078 legendam
1028 3021 1170 3066 esse
1204 3023 1219 3072 :
1255 3008 1524 3070 Joannis
1597 3009 2047 3088 Cyparissiota
2114 3017 2341 3069 contra
2388 3003 2708 3068 Palamam
2760 3003 3124 3066 hareticum
3171 3016 3512 3061 sermones.

238 3092 464 3156 Utrum
494 3098 745 3165 rubrica
778 3120 940 3181 pene
963 3106 1298 3171 obliterata
1317 3110 1533 3186 fuerit,
1555 3129 1780 3188 necne,
1803 3112 2212 3192 ignoramus;
2258 3111 2320 3173 id
2355 3115 2570 3172 autem
2595 3106 2769 3171 certo
2804 3105 3043 3170 certius
3077 3104 3339 3178 scimus,
3373 3120 3516 3166 eam

241 3200 432 3262 verba
449 3219 486 3266 a
507 3204 880 3270 doctissimo
902 3212 1190 3275 Bandino
1206 3214 1446 3294 prolata
1469 3218 1704 3281 referre
1727 3235 1852 3281 non
1881 3209 2165 3295 potuisse
2186 3239 2202 3289 ;
2222 3215 2573 3295 siquidem,
2591 3212 2825 3276 nedum
2846 3210 3163 3302 Palamam
3187 3213 3516 3290 impugnat

237 3313 486 3380 auctor,
547 3322 583 3367 θ
636 3316 852 3372 contra
881 3312 1324 3392 Hesychiartas
1372 3316 1714 3379 Palamitas
1760 3336 1838 3381 ex
1890 3317 2208 3381 industria
2247 3315 2557 3379 defendit.
2618 3315 2753 3376 Hos
2807 3318 3021 3375 autem
3054 3312 3506 3392 Hesychiastas

237 3411 506 3467 strenue
547 3406 830 3487 aggressi
871 3421 1020 3475 sunt
1078 3417 1360 3480 Joannes
1419 3420 1887 3498 Cyparissiotes
1919 3430 1982 3486 et
2026 3420 2336 3490 Barlaam,
2387 3416 2656 3482 Palamaa
2691 3413 3069 3480 adversarii.
3103 3415 3357 3479 Falsum
3414 3424 3517 3479 est

239 3509 447 3587 igitur
479 3511 789 3575 Joannem
822 3515 1321 3596 Cyparissiotem
1357 3521 1548 3603 hujus
1585 3527 1802 3604 Operis
1832 3533 2160 3588 auctorem
2214 3538 2379 3585 esse.
2410 3521 2634 3600 Itaque
2663 3519 2864 3583 codex
2896 3518 3011 3584 ille
3042 3521 3326 3586 continet
3349 3514 3517 3606 'acri-

240 3619 422 3690 ptum
470 3629 606 3691 quo
643 3617 924 3681 Joannes
983 3621 1491 3702 Cantacuzenus,
1525 3630 1793 3693 Palamm
1844 3633 2112 3706 assecla,
2145 3631 2213 3693 in
2273 3630 2671 3691 Barlaamum
2703 3634 2767 3692 et
2795 3625 3209 3706 Acindynum
3246 3624 3516 3686 Palama

239 3714 645 3781 adversarios
696 3723 1084 3802 composuit.
1121 3725 1190 3788 In
1238 3728 1361 3790 ﬁne
1415 3732 1658 3796 notitite
1712 3733 2011 3808 Bandini,
2045 3751 2109 3814 p.
2141 3733 2282 3805 3&9,
2316 3731 2523 3811 liquet
2551 3739 2880 3796 auctorem
2915 3727 3064 3791 libri
3116 3726 3274 3792 olim
3303 3726 3517 3809 impc-

243 3819 517 3877 ratorem
543 3829 616 3878 ac
646 3816 881 3884 deinde
933 3823 1311 3888 monachum
1354 3825 1583 3904 fuisse,
1621 3847 1765 3910 quae
1817 3837 1985 3894 nota
2014 3831 2728 3895 Joanni-Cantacuzeno
2773 3827 2961 3894 facile
2989 3835 3312 3908 aptantur.

2595 3930 2760 3993 J.-B.
2788 3930 2874 3994 Μ.

977 4197 1212 4255 ΤΟΜΟΣ
1251 4197 1559 4254 ΓΕΓΟΝΩΣ
1596 4199 1782 4256 ΠΑΡΔ
1826 4201 1966 4257 ΤΟΥ
2003 4201 2458 4259 ΠΑἹῬῙΔΡΧΟΥ
2497 4198 2807 4259 ωΑΝΝοΥ

1551 4342 1674 4396 ΚΑΙ
1708 4343 1846 4399 ΤΗΣ
1887 4346 2207 4400 ΣΥΝΟΔΟΥ

1183 4481 1374 4538 ΚΑΤΑ
1410 4483 1547 4538 Tm:
1579 4484 1718 4539 ΤΟΥ
1746 4482 2080 4543 BAPAAAM
2122 4477 2584 4548 ΚΑΚΟΔΟΞΙΑΣ.

1059 4757 1335 4821 TOMUS
1387 4759 1694 4824 FACTUS
1742 4761 1794 4821 Α
1841 4757 2361 4822 PATRIARCHA
2405 4755 2709 4819 JOANNE

1635 4914 1742 4975 ET
1789 4912 2116 4976 SYNODO

929 5063 1310 5127 CONTRA
1358 5065 1740 5132 FALSAM
1785 5065 2318 5129 OPINIONEM
2349 5065 2836 5132 BARLAAM.

261 5218 440 5281 (Caudex
463 5217 665 5272 Graecus
691 5215 1128 5286 cbartaceus__ms.2
1166 5213 1216 5264 iu
1251 5214 1337 5286 fol.
1385 5217 1770 5286 marinam-saec.
1814 5227 1914 5278 μιν.
1949 5215 2147 5286 Constat
2187 5215 2320 5286 tollis
2345 5217 2543 5286 scriptis
2568 5215 3207 5286 _37?_,_quem‘liol_stenius
3233 5218 3286 5269 in
3313 5216 3513 5270 schedia

745 5252 1359 5328 Eis‘s'féiiiiifiiadéoiﬁa's
1385 5252 1862 5339 Ε’ἔεὲὲὶῖἷιὶίεέἷᾶιύἕ
1876 5252 2320 5340 ὶὼὲξιᾙὶῗῖὲᾱὸἱίἱέ
2345 5252 2605 5329 ἔῖἶίὲιὲὀῑῖ
2617 5252 3019 5341 ἰἲὶδῖῖᾶξῆιὶῐῦ

327 5556 582 5614 Continet
611 5560 701 5616 hic
732 5562 981 5619 maxime:
1013 5564 1172 5618 molis
1219 5564 1391 5620 codex
1424 5564 1656 5620 Joannis
1679 5562 1824 5619 Can-
1938 5563 2130 5628 mium,
2167 5563 2312 5634 quod
2343 5579 2470 5619 cum
2514 5563 2629 5620 fere
2661 5573 2837 5619 totum
2868 5562 2938 5618 sit
2968 5560 3313 5628 historicum,
3359 5565 3519 5618 exhi-

263 5650 507 5704 tacuzeni
573 5650 778 5721 scripta
835 5663 1028 5708 contra
1083 5654 1382 5717 Palamam.
1439 5655 1712 5718 Barlaam,
1774 5660 1830 5706 et
1938 5656 2176 5711 bendum
2224 5656 2496 5728 integrum
2547 5656 2799 5713 arbitrati
2846 5669 3062 5723 sumus,
3098 5654 3243 5726 quod
3277 5669 3516 5725 sequens

135 5763 138 5765 -
258 5737 602 5812 Acindynum
639 5742 950 5808 hereticos,
990 5761 1096 5800 una
1128 5760 1250 5800 cum
1282 5744 1534 5800 omnibus
1569 5746 1652 5805 iis.
1710 5761 1831 5813 quae
1938 5756 2044 5803 est.

261 5833 556 5908 hac'snper
592 5854 647 5895 re
677 5849 826 5911 gesta
855 5853 1004 5900 sunt.
1058 5842 1319 5899 Praecedit
1357 5842 1614 5899 omnibus
1644 5843 1831 5900 Prom-

2009 5842 2052 5896 l.
2095 5856 2216 5914 pag.
2277 5842 2327 5898 Ι.
2398 5841 2695 5915 Προοῖμιον
2740 5841 2821 5906 εἰς
2845 5842 2972 5905 τοὺς
3028 5839 3182 5914 παρὰ
3217 5839 3309 5894 τοῦ
3344 5857 3512 5911 μονα-
