4126 6322
672 529 774 589 827
1836 527 2281 590 DEMETRIUS
2324 528 2715 591 CYDONIUS.
3769 522 3881 585 823

673 637 933 695 Joannem
962 640 1398 696 Cantacuzenum
1430 680 1443 703 ,
1479 642 1588 704 cui.
1643 640 1929 709 imper-ium
1960 643 2189 709 gerenti,
2223 640 2419 694 charus
2454 656 2514 693 ac
2540 638 2822 693 familiaris
2849 630 3045 700 fuerat,
3084 651 3212 689 ann.
3247 633 3400 696 1355.
3433 647 3537 685 una
3568 647 3691 686 cum
3719 633 3886 685 Nico—

675 729 763 782 lao
813 730 1060 785 Cahasila
1092 734 1385 787 comitatus
1421 743 1524 795 est,
1563 749 1682 785 cum
1743 732 1832 785 ille
1870 746 2162 801 purpuram
2186 732 2495 783 'monastieo
2534 730 2721 784 habitu
2765 736 3115 796 permutaret.
3150 728 3342 780 Postea
3384 722 3736 777 Mediolanum
3780 736 3879 773 re-

677 824 773 886 nit,
824 824 1179 876 Volaterrana
1214 833 1370 887 teste,
1417 826 1501 876 ubi
1540 826 1725 875 litteris
1756 824 1955 877 Latinis
1988 824 2185 891 pariter
2227 832 2273 873 et
2306 822 2569 889 tlieologiru
2602 837 2812 889 operam
2845 820 3005 872 dedit.
3042 817 3308 871 Postremo
3342 826 3594 869 reuertens
3625 814 3690 864 in
3721 812 3885 865 Creta

677 914 925 973 substitit,
957 916 1059 976 ubi,
1092 918 1314 981 erogatis
1347 917 1399 965 in
1435 931 1682 981 pauperes
1710 913 1872 975 bonis.
1908 916 1960 966 in
1992 916 2217 982 quodam
2244 916 2313 967 ibi
2347 914 2574 966 canobio
2636 919 2929 979 persancte,
2971 912 3102 962 ritra
3141 918 3311 963 tamen
3336 908 3704 977 professionem
3727 906 3882 961 v'a‘il.

683 1002 960 1069 S'lll'lrloit
991 1006 1167 1057 adhuc
1230 1022 1355 1057 ann.
1398 1005 1548 1067 1584,
1580 1019 1701 1057 cum
1731 1004 1936 1058 Mauuel
1983 1006 2313 1074 l’altcologus
2364 1005 2597 1057 habenas
2626 1002 2913 1069 capessivit
2963 1000 3199 1068 imperii,
3223 1009 3276 1053 et
3315 998 3379 1050 ad
3413 998 3561 1051 illum
3592 998 3889 1063 imperato-

686 1113 798 1149 ri-m
847 1090 1053 1151 lilii-ras
1092 1098 1263 1152 dedit.
1303 1099 1671 1163 Nirephonem
1702 1138 1716 1161 ,
1759 1098 2265 1159 hicromouachum,
2298 1095 2547 1148 t‘llllldem
2597 1108 2714 1146 esse
2750 1108 2871 1145 rum
2918 1091 3021 1143 hoc
3067 1090 3363 1150 Demetrio,
3430 1089 3638 1141 notavit
3669 1085 3885 1140 Caseus

685 1199 834 1257 parte
865 1190 1103 1241 secunda
1150 1189 1346 1243 llistor.
1377 1189 1650 1242 litterariae
1687 1191 1999 1254 scriptorum
2030 1189 2211 1240 eccles.
2264 1186 2328 1239 ad
2358 1202 2484 1239 ann.
2519 1186 2673 1238 1557.
2724 1183 2931 1251 (ΡΑιιιι.)
2974 1184 3030 1236 lu
3078 1182 3237 1235 Cavei
3302 1180 3436 1234 Hist.
3472 1180 3574 1231 litt.
3620 1176 3716 1231 SS.
3754 1175 3885 1229 eccl.

687 1292 815 1332 tom.
848 1281 910 1342 ll,
938 1297 988 1344 p.
1025 1282 1112 1338 56.
1145 1282 1194 1333 in
1224 1283 1553 1349 Appendiee,
1586 1282 1673 1334 ed.
1709 1275 1868 1333 Basil.
1907 1281 1971 1333 ad
2011 1296 2136 1332 ann.
2180 1279 2336 1340 1557,
2373 1278 2536 1331 Henr.
2566 1278 2826 1331 Wharton
2876 1276 3064 1344 paucis
3117 1274 3393 1327 recensuit
3450 1272 3610 1323 vitam
3645 1280 3697 1324 et
3737 1284 3893 1337 (“LB-

687 1374 807 1419 itam
842 1372 1042 1438 sirripta
1092 1372 1238 1424 Dem.
1276 1372 1505 1439 Cydon;
1546 1382 1601 1425 et
1653 1372 1784 1425 ibid.
1829 1388 1881 1439 p.
1918 1372 2005 1433 59,
2046 1370 2252 1423 Robert
2278 1369 2473 1423 Cerius
2506 1368 2789 1421 Whartoni
2844 1367 3206 1419 narrationem
3240 1363 3433 1433 partim
3462 1361 3718 1421 correxit,
3758 1376 3879 1427 par-

690 1457 783 1508 tim
836 1460 1122 1524 supplevit.
1167 1460 1327 1527 Atqui
1375 1461 1567 1514 Gerius
1599 1461 1837 1527 scripsit.
1875 1462 2200 1514 Demetrium
2244 1458 2451 1526 Cydon.
2504 1458 2664 1511 etiam
2697 1458 2802 1511 diei
2854 1457 3157 1525 Niphoncm
3192 1453 3701 1508 llieronionachum.
3741 1452 3892 1505 Pro:-

692 1554 837 1597 tcrca
876 1546 941 1600 de
978 1556 1188 1606 nostro.
1218 1550 1460 1615 diligenti
1495 1550 1802 1604 Cra-eorum
1847 1560 2112 1612 veterum,
2150 1551 2201 1601 in
2238 1549 2425 1616 primis
2460 1548 2699 1600 Platonis
2741 1547 3009 1600 imitatore
3046 1555 3270 1613 egerunt
3314 1545 3389 1597 Du
3417 1544 3514 1598 Pin
3551 1544 3601 1595 in
3642 1544 3771 1597 Hist.
3808 1557 3893 1595 ec-

689 1636 807 1689 cles.
842 1639 946 1689 vol.
982 1637 1088 1699 XII,
1119 1654 1171 1705 p.
1202 1639 1289 1690 9|.
1319 1639 1520 1693 Casim.
1558 1640 1761 1695 Oudin.
1800 1644 1851 1694 in
1883 1641 2186 1696 Comment.
2221 1642 2288 1695 de

2264 1659 2288 1695 e
2318 1642 2395 1694 SS
2439 1641 2634 1695 eccles.
2668 1642 2732 1692 ad
2766 1655 2891 1692 ann.
2921 1638 3077 1700 1550,
3103 1650 3231 1690 tom.
3258 1637 3345 1702 lll,
3383 1636 3484 1689 col.
3508 1634 3800 1690 996-1005.
3820 1663 3893 1675 -—

690 1727 772 1781 Jo.
804 1728 1034 1790 Fabrie.,
1071 1731 1121 1781 in
1154 1714 1289 1783 Hist.
1316 1733 1435 1785 bibl.
1475 1732 1685 1786 Fabric.
1708 1744 1843 1801 part.
1869 1752 1931 1795 ll,
1971 1750 2023 1801 p.
2053 1735 2175 1795 227,
2212 1734 2426 1795 Saxius,
2464 1734 2517 1785 in
2554 1732 2735 1786 Onam.
2775 1733 2959 1794 litter..
2985 1743 3121 1800 part.
3164 1748 3224 1794 ll,
3255 1748 3308 1800 p.
3333 1731 3529 1793 375,et
3557 1731 3609 1781 in
3648 1727 3893 1780 Analect.

704 1831 761 1883 p.
795 1818 913 1871 570.
943 1817 1083 1871 Citat
1106 1829 1357 1886 prreterea
1380 1821 1543 1876 Laur.
1575 1823 1786 1877 Mehum
1814 1828 1863 1876 in
1887 1826 2003 1879 Vita
2031 1825 2300 1879 Ambrosii
2334 1824 2787 1884 Camaldulcusis,
2815 1840 2868 1893 p.
2896 1839 3095 1887 eccm,
3129 1838 3243 1891 seq.
3282 1822 3423 1876 Add.
3455 1837 3575 1889 qua:
3617 1819 3811 1887 scripsi
3836 1818 3898 1871 in

695 1905 897 1959 Introd.
926 1909 977 1960 in
1021 1910 1158 1962 Hist.
1194 1910 1249 1963 ι..
1274 1912 1334 1966 G.
1369 1913 1433 1979 ll,
1464 1925 1601 1981 part.
1629 1930 1667 1977 ις
1691 1929 1741 1982 ιι.
1777 1914 1878 1967 556
1905 1930 2021 1982 seq.
2056 1913 2270 1981 illaut.)

2061 1913 2270 1981 illam.)
2980 1915 2987 1931 '
3683 1902 3690 1910 ’

772 2033 843 2084 Ex
874 2036 991 2102 ejus
1022 2037 1237 2103 scriptis
1266 2046 1481 2089 exstant
1519 2055 1531 2089 :
1570 2035 1619 2104 1)
1652 2037 1899 2105 Ερξειοιω
1925 2079 1939 2104 ,
1969 2054 2033 2091 ex
2071 2038 2271 2106 quibus
2298 2053 2402 2092 una
2453 2040 2517 2092 ad
2552 2040 2915 2108 Nicephorum
2949 2039 3262 2105 GregOram,
3295 2048 3348 2091 et
3396 2039 3564 2091 altera
3598 2036 3663 2089 ad
3717 2035 3905 2089 Philo~

698 2120 904 2186 theum,
937 2126 1294 2191 patriarcham
1321 2128 1434 2196 (qui
1466 2129 1531 2181 ab
1562 2142 1689 2181 ann.
1727 2130 1878 2185 1562.
1919 2131 1982 2183 ad
2044 2131 2174 2184 1576
2208 2130 2327 2199 fuit)
2378 2132 2725 2186 CPolitanum
2788 2133 2932 2185 edita
2978 2146 3059 2185 eSt
3090 2132 3270 2185 Graece
3315 2141 3369 2184 et
3396 2131 3585 2183 Latine
3620 2145 3648 2182 a
3690 2129 3903 2184 Joanne

697 2212 921 2267 Boivino
946 2227 1069 2269 ante
1099 2227 1299 2269 tomum
1334 2222 1579 2287 primum
1605 2220 1845 2273 Historia:
1880 2223 2155 2290 Nicepliori
2179 2222 2440 2290 Cregorai.
2477 2223 2644 2275 Paris.
2678 2214 2818 2275 ’1702
2863 2223 2953 2274 fol.
2988 2223 3130 2276 Duas
3161 2222 3225 2273 ad
3279 2221 3624 2274 Philotheum
3669 2233 3801 2271 mss.
3841 2217 3899 2270 in

703 2307 889 2360 codice
922 2308 1071 2375 regio
1104 2308 1259 2368 1554,
1290 2319 1553 2363 memorat
1590 2310 1856 2371 Labbeus.
1891 2328 1944 2377 p.
1972 2312 2060 2373 99,
2089 2311 2218 2376 bibl.
2262 2328 2415 2365 none
2468 2328 2595 2365 mss.
2667 2311 2815 2365 Alias
2849 2311 2917 2365 50
2946 2320 3126 2364 servat
3171 2311 3419 2363 biblioth.
3473 2310 3806 2364 Coisliniana
3839 2324 3903 2376 p.

697 2398 800 2450 4‘28
835 2411 975 2462 seq.,
1004 2397 1189 2449 decem
1224 2396 1290 2448 ad
1315 2396 1613 2450 Manuelem
1644 2399 2047 2465 imperatorem,
2076 2406 2183 2451 tres
2212 2399 2276 2451 ad
2310 2382 2629 2459 Cabasiiani.
2658 2410 2765 2451 tres
2802 2402 2867 2451 ad
2907 2399 3191 2467 Georgium
3233 2400 3637 2468 philosophum.
3664 2398 3801 2451 duas
3831 2398 3903 2455 ad

698 2474 1031 2546 Calol‘ernm,
1061 2486 1409 2556 singulasque
1439 2489 1504 2541 ad
1539 2489 1841 2557 despotam,
1867 2490 2327 2557 protosebastum,
2351 2506 2606 2566 maguum
2637 2490 3013 2551 domesticum,
3054 2489 3385 2549 Oliueotem,
3420 2500 3473 2542 ct
3503 2488 3903 2557 scribasimpe-

702 2580 1203 2652 ratoris,.pr:eterea
1233 2581 1469 2646 singulas
1498 2582 1562 2632 ad
1602 2581 1860 2634 lsidorum
1910 2580 2129 2635 Clabam
2189 2584 2359 2650 episc.
2407 2583 2966 2647 Thessalonicensem,
3010 2583 3259 2636 Alexium
3298 2582 3738 2645 Casandrenum,
3772 2583 3906 2635 Pro-

700 2672 927 2723 chorum
954 2669 1193 2730 fratrem.
1228 2670 1551 2723 Pharrasam
1580 2687 1828 2738 magnum
1869 2673 2259 2739 priniiccrium,
2303 2675 2509 2728 Astram
2560 2684 2614 2729 et
2645 2679 2896 2737 Asanam.
2922 2690 3081 2727 unam
3115 2674 3347 2741 denique
3381 2674 3496 2727 sine
3522 2674 3903 2741 inscriptione-

701 2762 796 2816 Esi.
821 2764 981 2816 etiam
1008 2764 1061 2815 in
1099 2764 1228 2819 bibl.
1265 2764 1405 2833 regis
1434 2763 1637 2829 Galliae,
1662 2752 1793 2819 trste
1823 2765 2058 2829 Lahbeo,
2084 2781 2136 2833 p.
2166 2767 2268 2820 296
2300 2768 2434 2821 Bibl.
2460 2784 2608 2821 novae
2657 2785 2809 2831 mss.,
2835 2770 3060 2836 epistola
3092 2784 3187 2836 pro
3219 2768 3543 2821 Caucadeno
3574 2767 3863 2819 Theodoro
3883 2805 3907 2833 ,

704 2853 769 2904 ad
796 2854 1107 2921 quemdam,
1142 2854 1231 2923 qui
1267 2855 1560 2923 plurimum
1591 2866 1796 2924 poterat
1839 2854 1979 2922 apud
2017 2854 2419 2922 imperatorem.
2453 2858 2599 2911 Alias
2622 2858 2876 2912 tredecim
2914 2874 3016 2912 ms.
3056 2864 3232 2911 servat
3288 2856 3612 2910 bibliotheca
3653 2856 3906 2908 Casarea

710 2945 785 3017 [in
816 2949 933 3001 coil.
962 2949 1087 3012 261,
1149 2966 1204 3002 ιι.
1230 2950 1300 3020 ι]
1340 2952 1530 3020 dignas
1583 2951 1959 3020 supplemento
1990 2951 2229 3015 corporis
2276 2950 2339 3005 Hi

2276 2950 2518 3005 Historia:
2574 2951 2700 3021 Byz.
2737 2950 2901 3004 inseri
2944 2949 3122 3017 judice
3166 2950 3449 3002 Lambecio
3485 2948 3549 3011 γ,
3582 2964 3634 3017 ιι.
3665 2948 3767 3001 184
3796 2944 3818 3017 [
3847 2959 3905 3011 ι).

706 3043 833 3109 585,
861 3053 971 3095 ιιοι.
1000 3043 1053 3103 5,
1088 3042 1174 3095 ed.
1210 3042 1407 3095 Kollar.
1457 3043 1610 3112 cujus
1645 3058 1757 3096 net.
1791 3042 1983 3115 enim],
2027 3063 2089 3100 ex
2119 3045 2317 3114 quibus
2348 3058 2539 3094 novem
2577 3050 2705 3094 sunt
2761 3042 2896 3095 datae
2924 3047 2986 3093 ad
3018 3040 3315 3093 Maauelem
3362 3040 3717 3109 Palmologum
3766 3043 3907 3110 imp.

710 3142 726 3199 (
754 3139 846 3203 qui
878 3136 983 3190 fuit
1011 3138 1076 3190 ab
1096 3135 1387 3189 anii.l384
1438 3138 1503 3189 ad
1535 3138 1690 3209 1419)
1717 3142 1921 3192 ercterie
1949 3140 2173 3209 singulae
2197 3140 2261 3192 ad
2293 3138 2486 3191 Chium
2521 3137 2812 3198 medicum.
2850 3134 2914 3188 ad
2941 3151 3191 3205 magnum
3217 3137 3707 3205 cliartOphytaeem.
3736 3135 3912 3189 Joan-

708 3243 830 3281 nem
870 3227 1285 3281 Tarchaniotam
1314 3235 1368 3280 et
1414 3227 1690 3292 deSpotam
1736 3229 2107 3285 Theodorum.
2144 3230 2251 3283 Illa:
2298 3242 2490 3281 novem
2520 3227 2584 3279 ad
2618 3225 2915 3279 Manuclem
2952 3227 3081 3293 imp.
3118 3227 3385 3281 habentur
3430 3230 3591 3281 etiam
3627 3228 3680 3281 in
3714 3228 3912 3286 codice
3955 3293 3967 3297 ﬁ

708 3318 1035 3373 Baroeciano
1059 3320 1145 3373 90.
1173 3319 1311 3390 [Una
1329 3335 1417 3387 ep.
1444 3320 1507 3374 ad
1534 3319 1718 3373 Cabal.
1742 3330 1823 3373 est
1846 3336 2061 3390 quoque
2083 3320 2134 3371 in
2160 3316 2283 3371 cod.
2322 3315 2459 3370 Caes.
2484 3316 2609 3377 267,
2635 3316 2722 3368 52.
2759 3317 2817 3371 ν.
2845 3317 3030 3371 Lamb.
3061 3318 3122 3380 V,
3159 3333 3213 3385 p.
3236 3318 3619 3391 441.]Neseio,
3650 3332 3917 3379 nosterue

705 3413 856 3481 Cydo
881 3415 995 3469 sive
1032 3414 1283 3483 Cydoues
1312 3414 1665 3482 intelligatur,
1700 3416 1790 3468 ubi
1821 3416 1965 3468 inter
1995 3431 2122 3469 mss.
2152 3415 2318 3469 lsaaci
2357 3414 2527 3469 Vossii
2552 3414 2841 3468 memorari
2870 3414 3050 3468 videas
3074 3414 3408 3487 GabriIOpuli
3454 3420 3519 3473 ad
3552 3418 3827 3489 Cydonem
3850 3427 3917 3476 et

709 3510 947 3577 Cydonis
979 3509 1042 3562 ad
1075 3508 1487 3577 Gab’rilopulum
1520 3509 1827 3575 epistolam,
1856 3525 1979 3562 eum
2006 3510 2305 3565 canonibus
2337 3510 2400 3563 ad
2430 3511 2721 3579 captandas
2766 3509 2983 3563 umbras
3014 3509 3249 3578 aequales
3286 3522 3338 3566 et
3364 3512 3656 3581 inaequales
3686 3528 3703 3566 :
3735 3514 3790 3566 in
3819 3526 3920 3567 ca-

710 3600 889 3667 talogo
921 3600 1053 3669 bibl.
1084 3599 1381 3661 Leidensis,
1413 3614 1467 3668 p.
1495 3598 1621 3661 597,
1653 3615 1711 3651 ιι.
1748 3600 1837 3653 45.
1864 3600 2125 3666 (ΡΑιιιιιε.)
2161 3599 2217 3652 ln
2270 3600 2339 3652 Nil

2289 3599 2557 3665 iicephori
2587 3599 2840 3667 Cregorae
2870 3598 3096 3653 historia
3135 3600 3356 3671 Byzant.
3382 3612 3637 3672 excerpta
3662 3619 3727 3658 ex
3772 3603 3918 3658 scri—

710 3688 821 3755 ptis
850 3688 1105 3741 Demetrii
1140 3687 1365 3755 Cydonii
1392 3698 1446 3742 et
1485 3693 1542 3741 in
1575 3689 1785 3757 elogiis.
1829 3689 1896 3741 ab
1930 3686 2481 3758 editore‘praamissis,
2517 3691 2669 3743 Dem.
2700 3689 2832 3760 Cyd.
2863 3690 3115 3760 Epistolaa
3151 3692 3220 3745 ad
3255 3692 3601 3747 Philotimum.
3630 3696 3693 3749 ν.
3716 3711 3912 3765 supra,

711 3769 822 3830 vol.
848 3779 953 3841 VII,
984 3794 1035 3846 p.
1077 3778 1198 3831 655.
1235 3810 1302 3820 -
1333 3780 1477 3833 Bina:
1502 3794 1627 3847 epp.
1677 3794 1819 3832 nunc
1848 3778 2081 3847 primum
2117 3781 2293 3845 editae,
2317 3782 2485 3835 altera
2515 3780 2621 3835 Nili
2647 3779 2931 3844 Cabasilaa,
2961 3783 3128 3835 altera
3161 3781 3414 3837 Demetrii
3437 3785 3689 3854 Cydonii.
3718 3801 3910 3855 progr.

714 3883 933 3925 auctore
970 3871 1096 3923 Chr.
1125 3869 1270 3923 Frid.
1316 3870 1574 3923 Mattluei.
1612 3869 1828 3924 Dresdae
1857 3870 2012 3932 1789,
2046 3870 2097 3924 4.
2130 3899 2198 3909 --
2230 3871 2360 3924 Item
2390 3871 2472 3925 vir
2493 3871 2642 3927 doct.
2676 3886 2739 3924 ex
2772 3872 2894 3925 cod.
2927 3870 3095 3940 Mosq;
3130 3880 3337 3941 Iypogr.
3367 3874 3555 3959 synpd.
3584 3890 3699 3938 xm,
3730 3876 3912 3932 edidit

716 3974 838 4016 octo
866 3962 1124 4028 epistolas
1150 3961 1301 4012 Dem.
1339 3959 1556 4028 Cydone
1590 3961 1653 4011 ad
1689 3959 1918 4014 Manuel.
1947 3961 2321 4029 Palat-elogium,
2350 3961 2539 4031 imper.
2572 3963 2625 4016 in
2650 3962 2779 4017 libr.
2808 3962 3104 4030 inscripto:
3130 3960 3397 4029 Isocratis,
3431 3964 3675 4019 Demetrii
3696 3965 3913 4037 Cydon

718 4064 767 4104 et
800 4051 1061 4104 Michaelis
1090 4050 1263 4120 Clycw
1284 4052 1482 4120 aliquot
1504 4050 1751 4117 epistolw.
1787 4081 1852 4089 —
1886 4052 1962 4104 Ex
1997 4051 2154 4105 codd.
2209 4053 2400 4114 edidit,
2444 4062 2499 4106 et
2535 4053 2923 4106 animailverss.
2955 4051 3229 4119 adjecitC.
3280 4054 3337 4109 Ρ.
3386 4056 3614 4110 Matthzei
3648 4048 3913 4127 ﬂosque,
3964 4082 3975 4090 ·

728 4144 880 4217 1776,
917 4143 1037 4195 mai.
1063 4143 1113 4197 8.
1148 4143 1204 4195 In
1236 4143 1622 4195 animadveiss.
1669 4157 1722 4209 p.
1763 4143 1883 4202 172,
1928 4142 2029 4209 ipsi
2064 4145 2316 4195 videntur
2376 4142 2784 4210 DemetriiCyd.
2817 4143 3057 4210 epistolae
3089 4145 3191 4197 illae
3224 4136 3407 4198 multis
3437 4148 3729 4200 multorum
3772 4165 3919 4217 prae-

721 4215 980 4291 fe‘rcndae.
1039 4254 1055 4285 ι
1087 4250 1208 4288 eum
1252 4244 1467 4301 propter
1520 4235 1835 4302 elegantiam
1883 4245 1938 4287 et
1984 4236 2271 4302 puritatem
2317 4237 2583 4290 sermonis
2625 4237 2816 4299 Gnaei,
2872 4246 2982 4289 tum
3046 4238 3170 4304 quia
3234 4242 3460 4292 multum
3512 4252 3594 4294 est
3638 4242 3689 4294 in
3725 4243 3807 4297 eis
3854 4243 3919 4296 τὸ

727 4328 861 4395 μετὰ
916 4327 1013 4387 τῆς
1077 4327 1293 4393 χάριτος
1351 4325 1444 4376 καὶ
1492 4325 1584 4376 τοῦ
1640 4322 1827 4393 ἠθικυῦ
1892 4325 2121 4395 ἀνθηρόν
2168 4343 2226 4378 τε
2282 4328 2356 4379 na‘

2288 4328 2375 4379 καὶ
2420 4329 2631 4394 ἀφελές.
2688 4346 2705 4376 ι
2771 4328 2911 4381 Ιιιοιιι
2976 4326 3037 4379 ν.
3091 4327 3152 4381 C.
3204 4329 3533 4382 mentionem
3590 4331 3716 4385 facit
3762 4334 3917 4391 illius

724 4421 845 4472 cod.
874 4428 927 4471 et
953 4419 1112 4473 codd.
1148 4419 1268 4476 525,
1299 4435 1350 4470 ιι.
1397 4418 1475 4477 14,
1507 4426 1665 4485 atque
1691 4418 1809 4480 521,
1840 4419 1892 4471 in
1917 4408 2119 4487 quibus
2143 4426 2315 4493 exstat
2336 4435 2449 4479 una
2474 4420 2725 4472 Demetrii
2752 4419 2978 4487 cpistola
3010 4419 3061 4472 in
3093 4418 3256 4472 Notit.
3286 4419 3444 4475 codd.
3469 4420 3561 4479 Gr.
3594 4421 3915 4491 Mosq’ums.

726 4521 778 4572 p.
811 4504 933 4567 510,
974 4521 1027 4557 n.
1059 4506 1110 4565 7,
1141 4512 1195 4556 et
1229 4520 1278 4569 p.
1314 4502 1438 4557 212.
1469 4532 1538 4543 -
1565 4502 1614 4555 In
1650 4505 1767 4556 cod.
1804 4503 2027 4558 Coislin.
2060 4504 2183 4566 515,
2212 4514 2337 4556 sunt

2287 4514 2337 4556 nt
2365 4503 2432 4557 '56
2476 4504 2734 4571 epistolte.
2763 4519 2792 4555 a
2827 4504 3072 4557 Fabricio
3106 4508 3297 4571 partim
3338 4517 3664 4565 memoratis,
3695 4518 3750 4561 et
3800 4512 3916 4567 alia

727 4594 980 4670 Demetrii
1030 4592 1255 4660 Cydonii
1291 4591 1425 4658 Opp.
1459 4591 1522 4644 ν.
1556 4590 1868 4653 Montfaue.,
1916 4594 2049 4645 Bibl.
2098 4593 2258 4667 Coisl.
2291 4609 2345 4660 p.
2380 4593 2482 4644 428
2511 4608 2615 4659 sq.;
2656 4601 2708 4644 et
2744 4594 2795 4659 ιι.
2840 4593 2964 4652 455.
3010 4604 3245 4660 quatuor
3272 4596 3512 4662 epistolae
3558 4598 3814 4665 anonymi
3850 4603 3924 4656 ad

727 4679 931 4747 Cydon.
961 4679 1014 4731 in
1038 4679 1156 4730 eod.
1190 4679 1385 4729 541.--
1409 4677 1578 4730 Paris.
1617 4676 1669 4728 iu
1703 4678 1832 4730 bibl.
1860 4680 2008 4745 publ.
2040 4681 2160 4732 cod.
2190 4678 2345 4741 1215,

2292 4679 2345 4741 5,
2378 4692 2432 4729 ιι.
2462 4677 2549 4739 50,
2580 4676 2667 4738 '56,
2695 4677 2758 4728 57
2791 4688 2844 4729 et
2874 4679 2961 4738 59,
2990 4679 3151 4731 variae
3179 4693 3303 4745 epp.
3334 4705 3398 4717 -—
3427 4680 3485 4731 ln
3516 4680 3636 4733 eod.
3675 4682 3836 4745 1510,
3860 4702 3918 4738 ιι.

730 4768 762 4819 4
796 4776 850 4817 et
883 4766 933 4826 5,
968 4766 1085 4818 dua:
1114 4765 1175 4816 ad
1213 4763 1551 4817 Philotheum
1584 4779 1706 4831 epp.
1742 4794 1804 4804 -
1838 4764 1892 4815 In
1925 4766 2049 4817 cod.
2077 4764 2234 4829 2671,
2274 4780 2325 4816 ιι.

2286 4780 2325 4816 ι.
2364 4764 2449 4825 11,
2474 4764 2701 4829 epistola
2732 4762 2795 4815 ad
2827 4762 3237 4821 Theodorituin,
3286 4770 3630 4824 monachum.
3654 4774 3707 4819 et
3732 4783 3785 4821 ιι.
3823 4770 3915 4835 12,

730 4853 833 4905 alia
860 4852 927 4903 ad
960 4851 1269 4918 quemdam.
1304 4850 1792 4902 unnnomiuatum.
1821 4880 1887 4887 —
1918 4849 2154 4903 \‘enetiis
2190 4852 2240 4901 in
2276 4848 2403 4902 bibl.
2432 4848 2594 4901 Marc.
2623 4852 2741 4901 cod.
2774 4847 3123 4915 509epistola
3148 4849 3211 4900 ad
3229 4835 3521 4917 Josépllum
3557 4851 3916 4915 Bryennium:

730 4936 841 4990 ine.
881 4938 999 4986 Τῶν
1030 4938 1123 5002 μὲν
1158 4936 1283 4987 σῶν.
1322 4937 1578 5003 Sequitur
1616 4937 1939 5002 epigramma
1987 4938 2036 4987 in
2068 4939 2359 5003 sepulcruu

2287 4951 2374 4989 um
2428 4934 2678 4988 Demetrii
2712 4932 2934 5003 Cydouii
2974 4953 2986 4987 :
3025 4935 3131 4989 inc.
3181 4936 3418 5003 Κόσμὸς,
3447 4935 3503 4997 ὃς
3558 4932 3625 5007 ἦν
3673 4940 3916 5006 φύσεως,

732 5040 785 5090 p.
816 5023 935 5075 Cat.
964 5021 1119 5073 codd.
1162 5019 1257 5074 Gr.
1294 5021 1457 5072 Marc.
1494 5037 1544 5087 p.
1581 5020 1705 5071 275.
1733 5050 1797 5057 --
1836 5018 2057 5071 Τ;.111“111]
2096 5022 2145 5072 in
2180 5021 2310 5075 lsihl.
2364 5037 2473 5088 reg.
2515 5021 2636 5072 cod.
2671 5020 2824 5083 11'94,
2854 5021 3092 5087 cpistola:
3126 5021 3506 5090 septemdecim
3542 5040 3553 5073 :
3593 5033 3700 5076 tres
3724 5026 3787 5077 ad
3821 5028 3923 5082 Jo-

731 5109 917 5174 asaph,
948 5093 1055 5158 tres
1085 5101 1149 5157 ad
1180 5106 1406 5157 Manuel.
1441 5107 1652 5173 impcr.,
1678 5121 1783 5157 una
1827 5108 1889 5157 ad
1916 5106 2237 5169 Cahasilam,
2268 5121 2370 5160 una
2402 5104 2466 5157 ad
2502 5120 2748 5172 magnum
2788 5106 3278 5174 ehartophylaeem,
3317 5124 3422 5161 una
3487 5112 3549 5161 ad
3602 5111 3776 5163 Nilum
3820 5129 3924 5179 pa-

737 5197 1197 5257 ιι];ιι·‹;1ιιιιιι,,ιιιιει
1233 5192 1296 5244 ad
1328 5192 1593 5245 medicum
1621 5234 1634 5255 ,
1671 5209 1773 5243 una
1797 5197 1863 5244 ait
1896 5193 2246 5258 Pur’ophilum
2274 5235 2287 5253 ,
2321 5206 2434 5250 sex.
2463 5192 2769 5243 nominibus
2795 5206 2899 5242 non
2940 5191 3158 5243 additis.
3196 5193 3255 5245 ιτ.
3288 5192 3408 5248 Cat.
3440 5194 3593 5247 codd‘.
3621 5194 3712 5251 Gr.
3745 5196 3921 5253 Taur.

736 5295 787 5344 p.
812 5279 916 5329 266
948 5295 1028 5345 sq.
1049 5308 1110 5315 —
1142 5279 1337 5339 Roma',
1375 5280 1425 5329 in
1451 5277 1579 5330 bibl.
1613 5278 1777 5329 Vatic.
1817 5276 1960 5329 Dem.
1992 5275 2187 5343 Cydon.
2236 5276 2304 5327 ad
2332 5275 2680 5343 Nicephorum
2704 5276 3005 5343 Gregoram.
3033 5278 3095 5329 ιτ.
3138 5278 3428 5332 Monlfaue.
3453 5278 3591 5333 Bibl.
3632 5282 3753 5338 bibl.
3774 5287 3922 5341 "mss.

742 5380 793 5429 ιι.
828 5365 945 5415 liti.
978 5366 1038 5417 Α.
1101 5364 1384 5417 Florentia.
1410 5403 1423 5422 ,
1458 5364 1509 5414 in
1557 5363 1687 5415 bibl.
1734 5361 1987 5414 Laurent.
2019 5362 2139 5413 cod.
2180 5360 2263 5425 12,
2301 5378 2355 5413 ιι.
2387 5362 2475 5423 24,
2505 5364 2638 5430 plut.
2674 5363 2757 5425 57,
2786 5373 3015 5430 quatuor
3048 5363 3286 5432 ejusdem
3328 5380 3452 5432 epp.
3487 5365 3562 5417 uti
3608 5370 3927 5436 suspicatur

742 5450 968 5500 baiiilin.
1003 5451 1054 5500 in
1083 5449 1198 5501 Cat.
1223 5449 1382 5501 codd.
1417 5448 1512 5501 Gr.
1546 5446 1798 5499 Laurent.
1838 5448 1875 5499 ll
1898 5486 1910 5507 ,
1953 5464 2001 5513 p.
2033 5448 2151 5499 550.
2177 5475 2245 5485 --
2277 5446 2351 5500 lb.
2393 5448 2443 5499 in
2472 5447 2591 5500 cod.
2616 5448 2704 5503 21.
2731 5463 2784 5498 ιι.
2827 5448 2879 5509 9,
2910 5449 3045 5516 plut.
3072 5449 3155 5507 59,
3186 5449 3422 5514 epistola:
3455 5450 3613 5507 X‘Xll.
3650 5470 3783 5519 quas
3832 5456 3927 5511 re;

740 5544 923 5587 censet
952 5535 1175 5585 Bandin.
1209 5534 1244 5585 Ι.
1280 5547 1328 5585 c.
1358 5551 1407 5599 p.
1434 5532 1536 5585 512
1560 5546 1641 5598 sq.
1675 5562 1739 5571 —
1764 5532 1841 5583 Ib.
1877 5533 1926 5583 in
1955 5532 2074 5583 cod.
2122 5533 2201 5593 15,
2236 5547 2286 5583 ιι.
2316 5532 2369 5584 2Ξ

2316 5532 2383 5584 25
2416 5538 2469 5581 et
2494 5530 2583 5592 27,
2615 5533 2731 5583 dum
2773 5533 3001 5599 ep.'Nie.
3033 5530 3292 5585 Cabasihe
3325 5534 3388 5585 ad
3418 5533 3715 5602 Cydonem,
3761 5551 3815 5592 et
3863 5559 3925 5596 ιι.

742 5629 811 5676 Elii
840 5627 998 5690 hujus
1025 5625 1250 5693 cpistola
1291 5626 1353 5676 ad
1403 5625 1728 5677 Cabasilani.
1766 5626 1824 5679 Υ.
1862 5626 2091 5678 Bandin.
2129 5628 2165 5679 1.
2199 5641 2249 5678 c.
2286 5640 2335 5691 p.
2371 5625 2488 5685 107,
2524 5634 2594 5684 et,
2636 5624 2734 5673 hoc
2774 5623 3084 5684 aduotaole,
3118 5623 3316 5677 eaedem
3359 5626 3410 5678 in
3441 5628 3565 5679 cod.
3610 5630 3923 5690 Vindoiion,

747 5714 848 5763 262
905 5729 957 5761 ιι.
988 5711 1045 5761 5]
1080 5711 1219 5763 (⁸152
1240 5726 1347 5763 sec.
1372 5710 1600 5762 Nesselii
1624 5709 1736 5761 Cat.
1774 5710 1901 5761 biivl.
1942 5712 2076 5763 Cati.
2110 5711 2333 5763 Vitiiloh.
2370 5725 2376 5775 ι

2111 5711 2333 5763 Viuiioli.
2370 5720 2507 5775 part.
2540 5725 2579 5763 ι,
2608 5725 2657 5773 ι».
2698 5708 2797 5761 568
2824 5718 2873 5758 ct
2908 5708 3027 5758 569.
3060 5708 3270 5774 ("sum

823 5798 875 5847 ‘3.
904 5795 1166 5860 .‘fonoo'ia,
1204 5800 1315 5849 she
1343 5794 1692 5862 comploratio
1721 5796 1802 5844 ἐπὶ
1858 5798 1965 5855 τοῖς
2001 5800 2051 5844 ἐκ.
2086 5797 2449 5862 Matutinaan

2303 5797 2449 5862 νείκη
2486 5794 2741 5855 πεπυ-’.πη
2775 5794 2839 5845 de
2870 5792 3100 5844 υἰιίὺιιδ.
3148 5796 3238 5859 qui
3275 5794 3521 5858 dissidio,
3566 5801 3835 5857 seditione
3866 5823 3932 5861 ἰε
