4126 6322
202 347 303 413 833
1625 336 1831 396 NOTI'I

1755 335 1950 396 l‘l'l‘lA.
2145 356 2147 358 ·
3279 315 3384 381 834

205 455 327 508 Mss.
362 455 494 507 ιιτω.
536 449 912 513 Scorialcnsis,
951 459 1004 503 et
1035 450 1286 505 incendio
1332 450 1477 502 illius
1525 445 1862 501 bibliothecae
1895 457 2026 496 ann.
2065 441 2190 494 167.
2246 440 2429 510 periit.
2473 440 2677 508 (FABR.)
2729 435 3040 503 Genealogia
3074 431 3270 486 Christi
3331 447 3386 482 ιιι

207 545 330 599 cod.
365 542 629 595 Escorinl.
679 550 812 594 teste
847 541 1038 594 Plitero
1068 543 1120 593 in
1155 540 1401 592 ltinerar.
1437 554 1525 600 per
1564 537 1785 603 Hispan.
1816 549 1867 600 p.
1902 532 2020 584 165.
2052 530 2107 583 ln
2141 530 2430 583 Moutfauc.
2468 529 2604 583 Bibl.
2654 529 2887 580 biblioth.
2926 527 3050 578 Mss.
3093 539 3145 591 p.
3185 522 3286 575 618
3327 523 3388 602 D,

207 632 285 684 sic
316 629 588 682 indicatur
629 645 642 681 :
680 625 899 696 Cydonti
938 625 1238 695 genealogia
1269 625 1461 678 Christi
1493 630 1540 674 et
1569 621 1753 674 uarice
1779 618 1842 668 ab
1878 616 2048 668 Adam
2077 630 2170 680 per
2208 616 2446 678 arbprem
2477 623 2524 666 et
2559 612 2794 682 globulos
2821 610 3180 681 ge.:ealogicos
3211 609 3396 660 distin-

208 725 315 768 cta.
356 713 570 779 (11.1111..)

599 799 650 852 in
695 798 827 861 bibl.
865 799 1121 852 Laurent.
1170 796 1287 850 cod.
1318 796 1408 856 21,
1437 812 1492 849 n.
1528 797 1580 857 6.
1620 798 1672 858 7,
1699 795 1912 863 8,,plut.
1952 791 2041 854 59,
2077 799 2186 842 tres
2215 785 2476 841 Demetrii
2508 783 2713 855 Cydon.
2765 782 3040 836 Orationes
3087 789 3323 842 exstant,
3367 786 3397 833 Δ

217 887 470 941 Fabricio
497 901 602 938 non
632 895 956 939 titettioraue.
989 885 1052 938 V.
1078 884 1300 937 Bandin.
1325 883 1440 937 Cat.
1469 885 1563 935 cit.
1601 881 1662 947 ll,
1690 897 1741 950 p.
1776 880 1895 939 542.
1925 877 2043 932 scil.

289 973 449 1027 Orat.
479 973 546 1025 ad
585 974 954 1040 imperatorem
989 972 1425 1022 Cantacuzenum.
1467 968 1633 1036 lncip.
1700 967 1918 1035 Ἀνηνέγ

1284 987 1425 1022 num.
1467 968 1633 1036 lncip.
1700 967 2121 1035 Ἀνηνέγκαμεν,
2152 957 2195 1014 ὦ
2235 959 2473 1030 βασιλεῦ,
2514 959 2621 1011 τῶν
2653 957 2911 1026 συνεχῶν.

286 1057 438 1112 Orat.
471 1061 534 1109 ad
562 1058 838 1112 eumdem.
878 1057 1067 1124 Incipit
1091 1073 1103 1108 :
1130 1057 1248 1107 Ὅτι
1285 1056 1380 1123 μὲν
1418 1055 1483 1106 τὰ
1533 1053 1767 1122 παρόντα
1806 1052 1910 1121 χρὴ

644 1058 838 1112 mdem.
878 1057 1067 1124 Incipit
1091 1073 1103 1108 :
1130 1057 1248 1107 Ὅτι
1285 1056 1380 1123 μὲν
1418 1055 1483 1106 τὰ
1533 1053 1767 1122 παρόντα
1806 1052 1910 1121 χρὴ
1943 1052 2273 1121 προσειπεῖν.

292 1143 448 1198 Orat.
478 1144 545 1195 ad
572 1144 758 1212 imper.
789 1131 1044 1196 Joannem
1076 1141 1457 1210 Palazoloyum.
1494 1139 1661 1208 lncip.
1694 1139 1913 1209 Ἀριστε

1607 1157 1661 1208 p.
1694 1139 1913 1209 Ἀριστε
1944 1135 2180 1206 βασιλεῦ,
2211 1135 2416 1187 πολλῶν
2448 1132 2663 1199 ἀγαθῶν
2707 1130 2980 1190 πολλάκις.
3028 1126 3231 1197 (Πανί.)

1507 1249 1679 1306 Gra'ce
1714 1249 1864 1303 uertit
1901 1264 1927 1300 ε
1963 1233 2170 1302 ιαιὴιο.

290 1337 384 1390 21.
426 1336 679 1391 Richardi
709 1337 1026 1400 Florentini,
1063 1338 1312 1391 monachi
1356 1336 1714 1399 Dominicani,
1751 1334 1880 1388 clari
1921 1335 2061 1388 circa
2108 1349 2235 1385 ann.
2268 1332 2396 1385 Chr.
2439 1328 2596 1393 1500,
2645 1326 2942 1394 Confutatio
2998 1320 3242 1376 Αἰσοναηὶ
3295 1317 3414 1370 Mtt-

223 1426 504 1479 hametliei.
547 1439 707 1491 quam
754 1440 874 1478 cum
926 1424 1111 1477 Latina
1159 1425 1410 1478 versione
1454 1422 1830 1476 Dartltolommi
1864 1420 2046 1474 Piceni
2093 1420 2262 1473 edidit
2291 1417 2607 1472 Theodorus
2640 1414 2948 1467 Bibliander
2984 1410 3036 1462 in
3066 1409 3413 1477 Syntagmale

223 1510 553 1578 scriptorum
586 1510 1261 1570 anti-Muhamedanorutn,
1311 1510 1474 1564 Basil.
1523 1510 1679 1574 1545,
1705 1508 1796 1560 fol.
1825 1522 1945 1576 pag.
1988 1506 2075 1559 85.
2118 1507 2322 1559 Recusa
2358 1502 2513 1558 Rom.
2541 1501 2695 1561 1606,
2739 1499 2790 1561 8,
2823 1505 3156 1550 memoratur
3188 1493 3242 1544 in
3269 1502 3415 1578 cata-

223 1597 351 1663 logo
404 1595 745 1648 bibliothecae
802 1595 1128 1658 Barbarinaa,
1162 1611 1215 1662 p.
1249 1596 1371 1649 52-2.
1405 1595 1556 1654 Vide,
1608 1594 1650 1646 si
1704 1592 1892 1661 placet,
1943 1608 2059 1660 quae
2095 1593 2169 1644 de
2217 1593 2319 1644 boc
2369 1605 2530 1657 opere
2565 1586 2672 1640 dixi
2709 1585 2910 1638 votum.
2955 1582 3041 1642 Vl,
3092 1578 3253 1645 hujus
3280 1577 3412 1629 bibl.

225 1697 276 1750 p.
318 1681 414 1733 69l
453 1681 662 1747 (FABR.)
689 1681 725 1733 l‘.
757 1681 861 1733 vol.
896 1681 1024 1752 Vlll,
1054 1698 1105 1747 p.
1131 1683 1196 1735 86
1225 1698 1305 1749 sq.
1339 1682 1522 1748 ibique
1552 1697 1604 1731 ν.
1632 1687 1745 1732 not.
1782 1695 1864 1740 oo,
1886 1679 2013 1731 add.
2048 1678 2262 1730 Fabric.
2301 1684 2551 1728 nostrum
2581 1674 2633 1725 in
2667 1671 2873 1723 Delectu
2907 1669 3419 1752 argumentorum

221 1767 419 1834 syllab.
461 1769 788 1832 scriptorum,
814 1767 901 1834 qui
927 1750 1193 1820 ueritatem
1222 1766 1483 1834 religionis
1508 1751 1702 1820 Christ.
1745 1772 2094 1823 asseruerunt,
2124 1779 2173 1830 p.
2213 1763 2308 1814 125
2332 1758 2718 1813 not.—Ondin.
2744 1755 2955 1809 Comm.
2983 1753 3017 1808 l.
3059 1767 3109 1805 c.
3135 1751 3236 1804 col.
3285 1750 3419 1802 1000

224 1868 356 1919 sqq.
391 1881 463 1891 —
499 1851 638 1903 Edit.
679 1853 930 1905 Alcoran.
962 1867 1081 1905 cum
1115 1851 1575 1906 eonfutationibus
1598 1868 1657 1904 ex
1705 1852 1834 1905 edit.
1869 1850 2138 1904 Theodori
2170 1847 2486 1908 Bibliandri,
2519 1845 2678 1899 Basil.
2713 1843 2868 1895 1545.
2907 1839 3141 1895 Uberius
3180 1847 3428 1891 recenset

221 1937 316 1992 Jo.
346 1937 511 1990 Fabr.
551 1938 604 1988 in
649 1938 879 1990 Historia
917 1940 1037 1990 bibl.
1072 1939 1275 1992 Fabric.
1326 1948 1463 2007 part.
1500 1954 1556 1999 ιι,
1591 1953 1642 2004 p.
1682 1937 1788 1990 225
1821 1953 1917 2006 sqq
1991 1937 2087 1992 Ms.
2131 1951 2345 2005 quoque
2383 1943 2553 1988 exstat
2591 1933 2645 1984 in
2681 1931 2800 1984 cod.
2843 1927 2974 1982 bibl.
3016 1926 3304 1992 Vaticana.
3359 1923 3423 1977 V.

228 2023 530 2076 Montlanc.
555 2022 667 2075 Bib.
705 2024 934 2076 biblioth.
961 2024 1089 2077 Mss.
1117 2042 1169 2092 p.
1204 2026 1268 2077 12
1299 2025 1364 2077 ι).
1407 2024 1618 2095 (Hann)
3219 2071 3222 2074 ,

295 2109 394 2162 22.
435 2109 607 2161 Etiam
641 2110 958 2162 Alcoranum
991 2111 1166 2178 ipsum
1194 2112 1248 2164 in
1270 2110 1510 2164 Graacam
1543 2113 1778 2180 linguam
1819 2107 2161 2162 transtulisse
2203 2106 2374 2160 fertur
2406 2103 2707 2158 Demetrius
2728 2101 2867 2172 apud
2908 2101 3206 2156 Gesnerum
3235 2097 3290 2151 in
3327 2112 3426 2166 ap-

226 2195 467 2266 pendice
505 2193 870 2253 Bibliotheca.
894 2196 1036 2248 edita
1069 2196 1254 2266 Tigttri
1279 2212 1326 2248 τι.
1371 2197 1524 2260 1555,
1559 2195 1651 2248 101.

298 2285 396 2337 25.
440 2279 516 2331 Ex
558 2283 841 2349 Augustini
887 2283 1238 2336 Sermonibus
1271 2285 1448 2351 capita
1481 2282 1725 2351 quaedam
1755 2281 2119 2344 transtulisse,
2168 2276 2444 2333 Gesnerus
2479 2288 2536 2332 et
2575 2275 2664 2329 alii
2713 2284 3050 2340 memorant.
3077 2269 3283 2339 (haud
3329 2268 3430 2322 Ms.

232 2370 429 2424 Romae
477 2372 527 2423 in
575 2369 708 2422 bibl.
761 2368 934 2422 Vatic.
966 2369 1029 2422 ν.
1059 2367 1348 2422 Montlauc.
1388 2369 1426 2422 1.
1456 2384 1505 2422 c.
1533 2385 1585 2438 p.
1613 2370 1677 2422 12
1697 2366 1758 2422 C.
1793 2397 1858 2408 -
1885 2377 2018 2435 etp.
2061 2366 2163 2418 708
2200 2367 2264 2419 D.
2291 2365 2356 2418 de
2387 2365 2503 2420 cod,
2562 2363 2696 2421 bibl.
2733 2361 3037 2421 Sfortianaa,
3075 2359 3128 2410 in
3170 2371 3276 2425 quo
3302 2365 3436 2408 sunt

233 2457 528 2525 Augustini
555 2456 704 2510 Orat.
729 2457 840 2508 sive
863 2454 1207 2507 Precationes
1235 2455 1322 2518 57,
1357 2469 1633 2509 conversa:
1653 2471 1720 2510 ex
1738 2455 1929 2509 Latino
1963 2455 2016 2509 in
2039 2451 2212 2510 Graec.
2236 2471 2403 2509 εει-ιιι.
2430 2472 2459 2508 a
2490 2457 2756 2509 Demetrio
2779 2455 3040 2521 Cydonio.
3069 2446 3126 2492 4'-
3152 2442 3435 2522 Aiigzr§i-tt»l

235 2543 607 2598 Encbiridion
640 2539 735 2593 Gr.
770 2554 980 2592 versum
1015 2554 1043 2591 ιι
1081 2538 1351 2593 Demetrio
1379 2539 1511 2609 Cyd.
1548 2541 1606 2595 V.
1636 2541 1884 2595 Lambec.
1918 2543 1959 2604 1,
1993 2558 2041 2610 p.
2070 2542 2177 2594 272
2214 2542 2274 2598 C.
2315 2541 2469 2596 Conf.
2503 2552 2680 2595 tamen
2713 2541 3134 2602 Sclimnetnann,
3181 2540 3434 2596 Biblioth.

235 2632 430 2685 histor.
467 2628 694 2680 litterar.
725 2625 943 2678 Patrum
977 2624 1213 2678 Lalinor.
1243 2635 1376 2678 tom.
1419 2626 1484 2691 ll,
1523 2643 1574 2695 p.
1608 2629 1730 2683 500.
1764 2627 1981 2695 1111111..)

311 2717 409 2771 24.
471 2712 530 2768 S.
563 2713 784 2766 Thema
825 2711 1111 2778 Aquinatis
1154 2709 1424 2764 Summam
1458 2719 1704 2767 adversus
1751 2726 1945 2783 gentes.
1982 2713 2189 2781 (ΡΑιιιι.)
2233 2713 2390 2767 Conf.
2440 2713 2691 2766 Lambec.
2732 2713 2774 2777 1,
2813 2729 2866 2783 p.
2926 2715 3028 2768 266
3092 2729 3233 2782 sqq.;
3284 2723 3338 2767 et
3375 2714 3443 2777 V,

241 2819 294 2872 p.
346 2802 477 2863 564,
531 2801 599 2864 4;
647 2799 770 2852 cod.
823 2797 924 2850 257
959 2813 1021 2849 ex
1056 2797 1160 2851 Tli.
1197 2798 1479 2866 Aquinatis
1508 2801 1604 2853 lib.
1633 2817 1706 2866 tv,
1752 2800 1829 2852 De
1874 2804 2088 2853 ueritate
2129 2800 2398 2853 catholira:
2440 2799 2564 2867 ﬁdei
2597 2809 2776 2853 contra
2821 2797 3057 2870 gentiles,
3089 2809 3144 2855 et
3171 2817 3235 2854 ex
3267 2801 3443 2868 ejttsd.

241 2889 472 2943 Summa
503 2885 770 2952 theologia?
796 2897 951 2951 capp.
996 2883 1335 2937 miscellanea
1378 2886 1465 2948 15,
1492 2884 1586 2939 Gr.
1625 2900 1798 2939 versa.
1829 2915 1897 2925 —
1930 2887 2110 2942 Roma:
2137 2887 2190 2938 in
2221 2887 2344 2940 cod.
2393 2887 2565 2940 Vatic.
2598 2887 2660 2940 V.
2706 2887 3000 2944 Moutfauc.
3042 2888 3082 2942 l.
3113 2903 3164 2942 c.
3201 2903 3254 2955 p.
3288 2888 3353 2939 12
3405 2887 3445 2940 C

255 2985 316 3028 et
370 2973 438 3027 D.
465 3002 535 3012 —
567 2971 670 3028 Th.
711 2973 1015 3041 Aquinatis,
1047 2971 1236 3041 primae
1268 2967 1437 3042 partis
1470 2972 1699 3027 Summa:
1731 2973 2067 3063 Quaestiones
2092 2971 2160 3026 49
2187 2973 2394 3040 priores
2422 2985 2612 3035 versat,
2647 2977 2697 3027 in
2723 2974 2844 3027 cod.
2877 2975 3094 3027 Barocc.
3136 2972 3223 3028 65.
3249 2972 3451 3026 Auctor

242 3064 370 3118 Cat.
404 3061 531 3115 Mss.
563 3061 786 3129 Anglia,
816 3068 922 3114 etc.
954 3060 998 3122 1,
1039 3075 1094 3128 p.
1128 3059 1180 3122 7,
1216 3061 1395 3123 Liber,
1424 3063 1520 3123 ait,
1559 3061 1673 3130 ipse
1714 3059 2102 3126 ἀνεπίγραφος.
2136 3059 2361 3115 Planudi
2412 3069 2591 3115 tamen
2629 3061 2882 3114 tribuitur
2913 3062 2966 3114 in
2996 3059 3114 3115 Cat.
3163 3060 3450 3134 impresso,

243 3148 463 3210 nescio,
497 3162 604 3216 quo
634 3157 875 3200 auctore.
921 3145 1050 3199 Nam
1094 3146 1423 3199 Demetrium
1469 3145 1673 3214 Cydon.
1710 3148 1936 3200 vertisse
1969 3147 2172 3201 librum
2214 3147 2522 3214 Aquinatis,
2576 3158 2802 3200 testatur
2852 3148 3198 3201 Possevinus.
3229 3176 3297 3186 —-
3327 3149 3450 3200 Flo-

247 3235 448 3288 rentize
485 3233 536 3286 in
568 3233 688 3286 cod.
725 3231 960 3284 Laurent
1004 3230 1089 3292 12,
1143 3246 1196 3282 n.
1230 3231 1316 3294 11,
1350 3229 1626 3298 Expositio
1672 3231 2014 3290 articulorum
2055 3233 2200 3300 ﬁdei,
2237 3234 2381 3293 edita
2422 3248 2450 3285 a
2497 3233 2702 3286 Thema
2741 3232 3030 3301 Aquinate,
3073 3245 3126 3285 et
3173 3250 3225 3286 n.
3263 3235 3350 3297 12,
3379 3249 3450 3285 ex

247 3324 502 3393 ejusdem
540 3324 702 3377 'libro
754 3339 834 3385 ιιι,
880 3331 1061 3375 contra
1108 3322 1331 3387 Grecae,
1365 3339 1484 3392 cap.
1532 3323 1654 3390 l22,
1702 3327 1847 3394 quod
1905 3327 2305 3380 matrimonium
2359 3327 2718 3395 inseparabile
2763 3342 2881 3382 esse
2921 3327 3131 3386 debeat,
3169 3325 3260 3380 Gr.
3304 3344 3450 3382 vers.

250 3411 317 3466 ν.
353 3409 584 3463 Bandini
641 3408 758 3464 Cat.
795 3409 956 3464 codd.
987 3408 1079 3464 Gr.
1106 3409 1270 3468 Laur.
1306 3410 1347 3473 1,
1379 3426 1433 3478 p.
1461 3410 1565 3464 55L
1586 3427 1666 3480 sq.
1699 3440 1769 3450 —
1795 3412 1967 3468 Paris.
2004 3415 2057 3467 in
2089 3414 2222 3467 bibl.
2259 3415 2408 3483 publ.
2439 3415 2563 3469 eod.
2592 3416 2728 3468 1255
2755 3424 2811 3468 et
2842 3414 2998 3478 1257,
3031 3414 3238 3467 Thoante
3261 3414 3453 3483 Aqui».

249 3497 491 3554 Summi:
526 3495 840 3565 Theologicw
872 3512 996 3564 pars
1033 3497 1292 3561 secunda,
1323 3496 1417 3552 Gr.
1448 3513 1603 3552 versa
1643 3515 1676 3553 a
1705 3500 1976 3556 Demetrio
2004 3500 2138 3570 Cyd.
2183 3501 2327 3555 unde
2365 3503 2598 3570 suppleri
2639 3511 2816 3569 potest
2860 3501 3020 3555 Fabr.
3059 3501 3197 3555 Bibl.
3237 3504 3371 3555 med.
3399 3515 3450 3557 et

250 3583 356 3651 inf.
384 3581 557 3635 Latin.
593 3590 721 3634 tom.
753 3581 840 3645 Vl,
866 3598 922 3652 p.
953 3582 1079 3645 258,
1106 3583 1195 3636 ed.
1222 3583 1412 3636 Mansi.
1444 3582 1660 3654 (Ιίιιιιυ.)

282 3664 424 3732 125.
465 3671 716 3739 Ejusdem
751 3669 979 3726 Summre
1015 3671 1329 3741 theologicaz,
1358 3687 1565 3744 partem
1601 3688 1618 3726 1
1647 3682 1704 3729 et
1733 3689 1773 3730 ιι
1798 3672 1905 3730 Mss

1756 3672 1928 3730 tMss.
1957 3673 2011 3727 in
2037 3673 2172 3728 bibl.
2199 3673 2456 3730 Vaticana
2489 3684 2543 3730 et
2581 3673 2844 3730 Caesarea.
2881 3673 2966 3751 [γ.
2994 3674 3060 3728 ad
3091 3690 3146 3730 n.
3183 3671 3385 3744 autem]

328 3756 422 3808 26.
464 3755 688 3810 Librum
726 3756 1112 3825 Decontemptu
1149 3759 1348 3810 mundi.

235 3922 243 3928 '
328 3842 426 3896 27.
468 3841 701 3894 Anselmi
729 3841 1134 3897 Cantuariensis
1161 3845 1354 3897 librum
1403 3844 1472 3898 De
1498 3847 1820 3915 praecisione
1847 3844 2076 3918 Spiritus
2111 3848 2280 3900 sancti
2310 3857 2496 3900 contra
2535 3846 2769 3902 Gnaeos.
2803 3848 2997 3916 incipit
3032 3849 3132 3900 :Ot
3168 3847 3304 3914 μετὰ
3335 3847 3459 3909 τοὺς

255 3936 547 4004 γενναίους
575 3937 876 4007 ἀγωνιστὰς
902 3935 1174 3997 εἰσιόντες.
1210 3936 1447 3989 Meminit
1491 3938 1740 4000 Allatius,
1762 3954 1836 4008 με
1865 3939 1884 3992 ε

1828 3969 1836 3980 -
1865 3932 1978 3992 857
2002 3937 2073 3991 De
2108 3953 2405 3994 consensu.
2443 3936 2523 4009 [ln
2556 3937 2675 3993 cod.
2705 3938 2875 3993 Vatic.
2913 3939 2978 3994 γ.
3004 3936 3294 4012 Μυηιῑειιο.
3320 3935 3457 3990 Bibl.

256 4021 530 4078 biblioth.
563 4020 690 4074 Mss.
722 4035 777 4090 p.
809 4020 876 4074 12
909 4020 969 4074 (3.
999 4021 1136 4075 Add.
1165 4038 1324 4091 supra
1354 4039 1406 4074 ιι.
1448 4022 1526 4093 9.]

333 4114 431 4167 28.
468 4112 725 4182 Ejusdem
753 4112 996 4167 Anselmi
1028 4113 1316 4181 Epistolam
1349 4113 1413 4166 de
1447 4114 1620 4168 tribus
1651 4115 2046 4183 questionibus
2071 4131 2133 4171 ac
2171 4118 2473 4186 praesertim
2509 4119 2574 4170 de
2604 4119 2869 4173 fermento
2893 4124 2946 4167 et
2972 4129 3178 4183 azyma,
3216 4114 3279 4165 ad
3310 4113 3468 4167 Vale:

260 4200 488 4256 rianum
567 4199 680 4253 sive
743 4199 1163 4261 Walerannum,
1225 4189 1686 4268 Nuinburgensem
1753 4205 1889 4269 epis<

1845 4217 2086 4272 scopum.
2160 4205 2349 4273 Incipit
2409 4220 2424 4256 :
2493 4204 2668 4256 Εἰδότι
2740 4199 2942 4271 βραχέα.
3004 4201 3168 4268 λέγω.
3217 4201 3468 4270 Meminit

259 4285 508 4341 Allatius
534 4284 655 4338 loco
684 4285 922 4339 laudato.
959 4283 1164 4355 (Fiam)

340 4371 601 4446 Liturgia':
629 4387 673 4424 s.
717 4372 888 4425 Missa:
937 4385 1047 4424 sec.
1076 4373 1241 4423 ritum
1278 4372 1574 4427 Romanum
1606 4384 1808 4443 partem
1832 4376 2017 4431 Graece
2045 4391 2251 4430 versam
2281 4392 2399 4431 esse
2428 4393 2456 4431 a
2485 4376 2754 4432 Demetrio
2780 4374 2909 4446 Cyd.
2937 4375 3094 4429 docet
3127 4373 3226 4428 cel.
3259 4374 3465 4438 Morell.

258 4458 323 4512 in
374 4434 634 4512 ﬁlblioth.
678 4458 801 4511 Mss.
843 4456 938 4510 Gr.
972 4466 1022 4511 et
1066 4457 1185 4511 Lat.
1225 4466 1355 4510 tom.
1387 4459 1426 4520 1,
1462 4475 1513 4526 p.
1549 4434 1621 4512 56
1650 4470 1704 4514 et
1735 4462 1804 4514 52
1833 4464 1898 4517 de
1935 4463 2055 4516 eod.
2093 4463 2252 4516 Mart.
2287 4465 2356 4516 58
2385 4470 2441 4516 et
2481 4463 2652 4526 addit,
2687 4434 2844 4515 aliam
2881 4461 3058 4519 missa:
3096 4434 3495 4517 innatis-italis,

263 4543 497 4598 Domini
526 4556 637 4597 sec.
673 4543 834 4596 ritum
865 4542 1278 4596 Ambrosianum
1311 4543 1563 4599 Demetrii
1594 4545 1685 4599 Gr.
1717 4547 2217 4615 interpretationem
2261 4553 2529 4617 vulgatam
2582 4564 2705 4602 esse
2745 4549 2812 4602 ab
2850 4549 3087 4601 Antonio
3117 4546 3469 4619 Fumagallio,

258 4629 550 4686 monacho
574 4627 942 4693 Cisterciensi.
973 4630 1023 4683 in
1049 4629 1365 4684 collectione
1389 4631 1648 4701 inscripta
1680 4650 1691 4686 :
1720 4633 1961 4688 Raccolta
1994 4635 2266 4698 Milanese,
2306 4635 2588 4694 Mediolani
2625 4637 2777 4692 1757.
2821 4635 3034 4707 (Ηιιιι.)
