4126 6322
771 362 881 424 843

2037 365 2406 424 DEME’I‘RII
2450 367 2760 428 CYDONII

3893 370 3998 435 8H

776 484 883 525 nus
908 468 1215 539 discipulis,
1258 482 1321 524 ac
1350 482 1448 539 per
1480 469 1625 539 ipsos
1654 470 1806 525 dedit
1839 471 2093 526 omnibus
2126 472 2179 525 in
2207 486 2307 527 eun

2440 478 2574 529 πᾶσι
2602 480 2713 540 τοῖς
2741 478 3080 531 πιστεύουσιν
3102 479 3269 545 αὐτῷ.
3314 478 3421 532 Καὶ
3459 481 3573 549 μετ’
3608 480 3765 549 ὀλίγα
3786 497 3801 511 ·
3835 482 3993 533 Ὥστε

769 561 1136 616 credentibus.
1188 580 1207 612 ι
1255 560 1318 615 Et
1362 565 1481 631 post
1516 577 1725 632 pauca:
1760 580 1777 613 ‹
1807 562 1992 631 ltaqne
2030 563 2193 640 etiam
2226 564 2326 616 ltu-

766 668 941 708 mana
996 662 1201 707 natura
1264 653 1494 721 gloriam
1551 653 1700 706 dedit
1770 654 2009 715 deitatis,
2080 663 2326 707 naturam

760 759 893 800 vero
915 744 1134 799 minime
1162 763 1175 799 :
1204 744 1350 797 aliud
1381 758 1509 814 ergo
1535 752 1728 797 natura
1761 744 1879 808 Dei,
1911 756 1967 800 et
2009 746 2179 815 gloria
2210 747 2328 815 ejus

761 837 1014 907 (natura)
1038 837 1209 891 aliud.
1238 835 1342 891 Sed
1376 837 1625 906 quamvis
1654 852 1682 891 a
1715 837 1900 892 divina
1954 847 2147 892 natura
2178 839 2325 893 aliud

759 931 854 991 sit,
886 942 995 981 non
1026 939 1202 981 tamen
1234 928 1376 981 inter
1398 928 1545 982 entia
1577 930 2043 983 connutncramla.
2086 948 2105 979 ι
2150 928 2215 982 Et
2257 931 2323 983 ad

760 1020 1226 1074 conﬁrmationem
1256 1033 1478 1072 suorum
1512 1033 1826 1072 sermonum
1883 1020 2057 1073 utitur
2095 1020 2321 1085 lumine,

757 1112 902 1176 quod
934 1108 1035 1161 fuit
1060 1108 1115 1161 in
1149 1107 1621 1175 transﬁgurationc
1653 1108 1887 1161 Domini.

828 1198 1006 1267 Atque
1032 1198 1099 1252 de
1124 1198 1227 1252 hoc
1250 1199 1441 1253 eodem
1465 1199 1677 1252 lumine
1710 1198 1909 1252 similia
1943 1208 2128 1252 narrat
2153 1198 2205 1252 in
2242 1198 2323 1253 di-

756 1288 934 1342 versis
964 1289 1080 1343 suis
1106 1288 1468 1343 orationibus.
1518 1288 1639 1343 lla'c
1686 1297 1867 1342 autem
1914 1299 2104 1358 postea
2144 1302 2319 1346 secta-

756 1389 903 1434 tores
922 1379 1043 1445 ejus
1082 1386 1228 1432 tomo
1277 1378 1423 1433 edito
1466 1379 1662 1441 secuti,
1688 1378 1755 1433 de
1799 1379 2149 1435 distinctione
2186 1380 2319 1436 sub-

751 1470 965 1523 stantia:
987 1468 1081 1522 Dei
1126 1478 1182 1523 et
1211 1469 1526 1538 operatione
1561 1469 1674 1523 haec
1712 1470 1889 1524 aiunt.

800 1557 941 1612 illoc
983 1558 1212 1614 recitato
1259 1558 1766 1615 honorandissitnus
1804 1558 2215 1631 cbartophylax,
2255 1575 2319 1617 ac

749 1665 1036 1719 supremus
1082 1650 1532 1721 phil050pltorum
1556 1689 1573 1716 ,
1634 1660 1691 1705 nt
1734 1653 1903 1708 moris
1937 1663 2020 1708 est
2059 1653 2318 1707 ecclesia-

747 1744 897 1809 stici,
927 1743 1090 1811 cmpit
1133 1744 1469 1811 interrogare
1499 1758 1967 1815 unumquemque,
2018 1759 2180 1813 quam
2221 1745 2316 1798 ha-

2433 570 2524 621 καὶ
2544 572 2607 638 τῇ
2632 571 2943 640 ἀνθρωπίνῃ
2964 570 3117 636 φύσει
3138 571 3233 638 τὴν
3245 571 3400 635 δόξαν
3420 571 3583 625 ἔδωκε
3600 573 3699 642 τῆς
3720 573 3989 642 θεότητος,

2428 657 2528 727 τὴν
2543 655 2720 725 Ἒρύσιν
2753 660 2811 712 δὲ
2835 660 2916 712 οῦ.
2960 660 3120 713 ’Άλλο
3143 660 3252 727 ἄρα
3288 659 3445 727 φύσις
3474 660 3635 725 Θεοῦ,
3666 664 3758 714 καὶ
3805 665 3837 731 ἡ
3869 663 3993 725 δόξα

2427 751 2627 821 ταύτης
2666 752 2872 823 ἕτερον.
2915 753 3056 807 Ἀλλ’
3084 755 3132 806 sl
3159 753 3363 825 καὶτῆς
3402 754 3551 817 Θείας
3575 754 3786 822 φύσεως
3809 755 3991 825 ἐτερόν

2426 840 2561 906 ἐστι,
2596 844 2707 903 τοῖς
2742 838 2891 894 οὖσιν
2941 844 3039 895 οὐκ
3076 844 3141 895 ἂν
3195 843 3281 912 εἴη
3332 844 3713 915 ἐναρίθμητος.
3770 845 3875 897 Kal
3903 846 3984 905 είς

2426 933 2767 1000 παράστασιν
2790 933 2898 985 τῶν
2926 932 3176 986 τοιούτων
3206 933 3366 986 αὑτοῦ
3392 933 3585 1002 λόγων,
3635 934 3714 1002 τῷ
3764 933 3857 986 ἐπὶ
3884 934 3987 1002 τῆς

2424 1023 2518 1074 τοῦ
2551 1024 2755 1091 Κυρίου
2787 1023 3263 1094 μεταμορφώσεως
3288 1025 3486 1095 χρῆται
3515 1024 3673 1093 φωτί.

2498 1201 2607 1253 Καὶ
2632 1200 2761 1269 περὶ
2790 1198 2889 1267 τοῦ,
2913 1199 3078 1253 αὐτοῦ
3103 1200 3281 1269 φωτὸς
3320 1200 3389 1254 τὰ
3434 1203 3597 1271 ὅμοια
3630 1196 3883 1268 διέξεισιν
3928 1203 3985 1252 ἐν

2420 1290 2696 1359 διαφόροις
2716 1290 2888 1357 λόγοις
2914 1289 3285 1344 αύτοῦ.ἰ”αῦτα
3297 1291 3343 1345 δ’
3364 1290 3587 1360 ὕστερον
3602 1293 3651 1345 οί
3670 1292 3986 1361 αίρεσιῶται

2422 1379 2585 1431 αὑτοῦ
2630 1380 2720 1433 διὰ
2758 1380 2946 1449 τόμου.
2987 1380 3121 1449 Περὶ
3165 1380 3266 1450 μὲν
3302 1380 3627 1449 διακρίσεως
3662 1382 3853 1445 οὐσίας
3892 1382 3981 1435 τοῦ

2419 1472 2554 1525 Θεοῦ
2572 1474 2662 1526 καὶ
2680 1472 2959 1542 ἐνεργείας
2990 1474 3115 1529 τάδε
3146 1475 3332 1542 φασίν.

2505 1564 2961 1639 Ἀναγνωσθένηος
3029 1565 3220 1631 τοῦδε,
3286 1568 3491 1638 ἡρξατο
3561 1569 3591 1621 ό
3658 1569 3981 1639 τιμιώτατος

2419 1655 2762 1726 χαρτοφύλαξ
2817 1655 2913 1709 καὶ
2968 1656 3173 1717 ὕπατος
3220 1660 3329 1711 τῶν
3384 1660 3691 1730 φιλοσόφων
3740 1662 3881 1714 κατᾶ
3924 1664 3985 1714 τὸ

2419 1744 2871 1817 ἐκκλησιαστικὸν
2927 1744 3047 1808 εθος
3103 1748 3310 1816 ἐρωτᾷν
3369 1747 3618 1811 ἕκαστον,
3672 1749 3819 1810 ὅπως
3870 1748 3981 1817 ἔχει

748 1836 873 1888 beat
900 1835 1224 1889 sententiam
1256 1835 1324 1889 de
1367 1834 1452 1889 bis
1492 1835 1817 1904 dogmaticis
1846 1835 2137 1904 capitibus,
2188 1850 2307 1904 qua:

2420 1838 2644 1907 γνώμης
2674 1837 2801 1905 περὶ
2821 1836 2930 1890 τῶν
2958 1837 3097 1891 κατὰ
3119 1838 3282 1907 μέρος
3307 1836 3643 1906 λαληθέντων
3683 1840 3777 1889 καὶ
3801 1838 3999 1901 ἐξετασ-

746 1940 847 1993 per
868 1926 1079 1995 singula
1104 1924 1348 1980 membra
1387 1925 1534 1980 dicta
1562 1933 1690 1980 sunt
1716 1935 1877 1994 atque
1932 1925 2177 1981 discussa
2210 1942 2226 1983 :
2260 1937 2316 1979 et

744 2030 938 2070 omnes
977 2030 1087 2069 uno
1119 2030 1236 2079 ore,
1279 2024 1531 2084 tanquam
1563 2030 1673 2069 uno
1712 2016 1910 2085 spiritu
1940 2016 2172 2080 incitati,
2204 2016 2314 2070 Deo

744 2109 1157 2163 convenientem
1190 2123 1296 2162 una
1325 2123 1446 2162 cum
1475 2108 1865 2178 conjunctione
1895 2108 2309 2162 distinctionem

745 2198 947 2253 divinae
1016 2198 1335 2253 substantiae
1385 2208 1548 2268 atque
1592 2197 1946 2267 operationis,
1991 2197 2136 2251 clare
2182 2197 2309 2252 fassi

744 2298 894 2352 sunt,
921 2288 1202 2357 theologos
1219 2289 1431 2349 "secuti,
1467 2289 1875 2357 incrcatamque
1907 2288 2147 2341 divinam
2183 2302 2311 2355 ope-

746 2378 1038 2443 rationem,
1076 2375 1538 2445 quemadmodum
1565 2389 1698 2429 sane
1723 2383 1779 2429 et
1802 2376 2162 2430 substantiam
2192 2389 2304 2427 am-

744 2469 945 2539 plexati
986 2478 1134 2523 sunt.
1171 2468 1240 2522 Et
1277 2484 1471 2523 rursus
1506 2468 1560 2522 in
1613 2468 1804 2523 eodem
1860 2479 2006 2522 tomo
2054 2485 2073 2520 :-
2120 2468 2232 2520 Nos
2278 2482 2317 2519 a-

742 2561 916 2615 sacris
970 2560 1276 2629 Scripturis
1335 2560 1512 2613 edocti
1573 2574 1784 2621 sumus,
1848 2567 1904 2612 et
1952 2559 2304 2612 substantiam

738 2649 946 2703 habere
973 2649 1165 2710 Deum,
1205 2657 1260 2701 ct
1297 2650 1593 2716 potentiam
1659 2656 1821 2717 atque
1855 2647 2224 2710 operationem
2276 2660 2305 2698 a

739 2740 922 2796 divina
981 2739 1282 2793 substantia
1309 2738 1688 2801 diil'erentem;
1734 2739 1843 2791 imo
1885 2752 2011 2790 vero
2038 2736 2308 2805 potentias

741 2842 798 2885 ct
821 2830 1192 2899 operationcs.
1248 2827 1321 2880 De
1370 2827 1576 2880 lumine
1634 2840 1763 2880 vero
1817 2825 2307 2895 transﬂgurationis

741 2929 930 2991 postea
981 2917 1266 2988 quasitum
1317 2926 1424 2971 cst.
1461 2917 1740 2982 Dixerunt,
1782 2926 2057 2971 ostensum
2097 2930 2219 2970 esse
2273 2930 2303 2969 ο

737 3011 945 3069 sanctis
1004 3010 1310 3064 incrcatum
1374 3014 1493 3065 esse
1545 3008 1728 3062 lumen
1818 3006 2303 3077 transﬁgurationls

738 3102 979 3166 Domini,
1011 3108 1068 3155 et
1106 3098 1239 3153 illud
1288 3112 1396 3153 non
1446 3112 1566 3152 esse
1619 3097 1981 3165 substantiam
2018 3097 2137 3166 ejus
2187 3114 2200 3150 :

2420 1928 2657 1982 σθέντων
2711 1928 3053 1997 δογματικῶν
3111 1926 3440 1995 κεφαλαίων.
3493 1929 3600 1980 Καὶ
3651 1928 3849 1987 πάντες
3900 1930 3979 1980 ἐνὶ

2423 2020 2651 2088 στόματι
2680 2019 2754 2080 ὡς
2797 2017 2856 2081 ἐξ
2887 2018 3005 2080 ἐνὸς
3045 2018 3354 2087 κινούμενοι
3390 2018 3694 2086 πνεύματος
3724 2021 3859 2087 μετὰ
3883 2019 3977 2071 τοῦ

2417 2111 2698 2181 ἡνωμένον
2724 2109 2821 2163 καὶ
2859 2109 3136 2180 θεοπρεπῆ
3159 2111 3424 2179 διάκρισιν
3450 2111 3552 2179 τῆς
3593 2110 3745 2173 θείας
3794 2112 3976 2177 οὐσίας

2420 2203 2514 2253 καὶ
2545 2200 2825 2270 ἐνεργείας
2859 2201 3109 2269 φανερῶς
3146 2201 3500 2269 ὡμολόγησαν
3555 2205 3669 2265 τοῖς
3710 2202 3976 2270 θεολόγοις

2419 2291 2674 2359 ἑπόμενοι
2737 2290 2992 2343 ἄκτιστόν
3053 2308 3110 2343 τε
3138 2289 3236 2361 τὴν
3293 2291 3442 2345 θείαν
3473 2293 3775 2363 ἐνέργειαν,
3837 2294 3975 2346 καθᾶ

2416 2382 2552 2449 δῆτα
2574 2383 2666 2432 καὶ
2699 2381 2796 2450 τὴν
2838 2381 3024 2435 οὐσίαν
3088 2381 3372 2450 ἔστερξαν.
3430 2384 3538 2437 Καὶ
3598 2384 3759 2437 πάλιν
3800 2386 3856 2447 ἐν
3900 2384 3975 2451 τῷ

2416 2473 2561 2541 αὑτῷ
2581 2488 2594 2501 ⁸
2634 2474 2821 2543 Ἡμεῖς
2844 2474 2900 2526 δέ
2923 2474 3069 2541 παρὰ
3094 2473 3202 2525 τῶν
3225 2473 3395 2542 ἁγίων
3438 2474 3793 2543 ἐδιδάχθημεν
3840 2475 3973 2544 Γραο

2416 2567 2530 2633 φῶν
2584 2566 2675 2616 καὶ
2727 2565 2916 2618 οὐσίαν
2968 2566 3110 2634 ἔχειν
3160 2567 3252 2620 τὸν
3301 2568 3454 2631 Θεὸν,
3493 2569 3583 2619 καὶ
3611 2567 3836 2634 δύναμιν
3882 2572 3973 2619 καὶ

2415 2658 2691 2725 ἐνέργειαν
2720 2659 2818 2726 τῆς
2867 2656 3013 2720 θείας
3036 2658 3235 2721 -ούσίας
3267 2659 3628 2728 διαφέρουσαν
3652 2674 3664 2686 ·
3695 2659 3895 2728 μᾶλλον
3917 2660 3971 2710 δὲ

2414 2749 2507 2801 καὶ
2537 2748 2793 2817 δυνάμεις
2816 2748 2907 2801 καὶ
2929 2740 3233 2818 ἐνεργείας.
3290 2750 3422 2817 Περὶ
3446 2749 3501 2801 δὲ
3538 2749 3634 2803 τοῦ
3678 2751 3851 2817 φωτὸς
3872 2752 3969 2818 τῆς

2417 2838 2891 2908 μεταμορφώσεως
2924 2843 3060 2909 μετὰ
3080 2840 3237 2893 τοῦτο
3262 2841 3518 2910 ἐζητήθη.
3541 2843 3676 2894 Φασὶ
3695 2842 3969 2911 δειχθῆναι

2412 2932 2563 2999 παρὰ
2589 2930 2696 2983 τῶν
2727 2931 2894 2997 ἁγίων
2912 2931 2994 2982 ὅτι
3012 2931 3263 2984 ἄκτιστόν
3287 2933 3401 2984 ἐστι
3444 2932 3503 2985 τὸ
3525 2933 3622 3001 τῆς
3646 2932 3738 2984 τοῦ
3768 2935 3969 3002 Κυρίου

2415 3021 2888 3091 μεταμορφώσεως
2914 3021 3053 3088 φῶς,
3085 3023 3178 3073 καὶ
3200 3020 3281 3074 ὅτι
3311 3023 3409 3074 οὐκ
3437 3025 3553 3076 ἐστι
3576 3024 3733 3077 τοῦτο
3765 3026 3969 3095 ἡούσία

2249 3103 2305 3149 εἴ
2344 3176 2374 3185 Δ
2408 3089 2503 3163 τοῦ
2532 3089 2664 3163 Θεοῦ
2685 3126 2699 3142 ·
2733 3112 2826 3165 καὶ
2864 3111 3064 3173 πάντες
3087 3111 3271 3180 σχεδὸν
3307 3107 3480 3178 εἶπον,
3515 3113 3595 3167 δτι
3651 3089 3966 3185 ἀπεδείχθη,

662 3252 663 3255 η
737 3208 930 3250 omnes
954 3192 1125 3248 ferme
1157 3189 1436 3253 dixerunt,
1478 3188 1909 3243 detnonstratum
1947 3203 2090 3242 esse.
2142 3187 2207 3240 Et
2251 3187 2304 3238 in

2411 3202 2503 3255 καὶ
2532 3204 2591 3255 ἐν
2621 3205 2734 3265 τοϊς
2762 3176 3221 3274 ἁναθεματισμοῖς
3244 3200 3328 3268 οἷς
3367 3176 3609 3269 ἐξέθεντο
3667 3209 3805 3261 κατᾶ

737 3279 1227 3344 anathematismis,
1274 3292 1413 3348 quos
1448 3276 1739 3331 ediderunt
1794 3284 1989 3330 contra
2045 3290 2158 3336 eos,
2211 3275 2305 3344 qui

2411 3294 2485 3360 μη
2514 3289 2852 3361 πειθομένων
2872 3293 2990 3353 ταϊς
3031 3292 3397 3364 βλασφημίαις
3427 3294 3630 3361 αὐτῶν,
3655 3296 3712 3347 ἐν
3756 3290 3838 3358 οἷς
3874 3297 3968 3349 καὶ

737 3392 849 3430 non
894 3372 1268 3434 adducuntur,
1318 3377 1378 3424 ut
1408 3366 1634 3422 credant
1679 3380 1870 3421 eorum
1917 3365 2302 3436 blasphemias,

2411 3379 2627 3441 ἑαυτοὺς
2674 3380 3141 3449 ἀνακηρύττωσι,
3187 3381 3313 3436 τάδε
3364 3383 3525 3451 φασί·
3563 3384 3683 3437 Τῶν
3706 3378 3967 3452 ὶεγόντων

739 3468 833 3522 ubi
871 3466 1082 3534 seipsos
1138 3462 1412 3532 praconio
1467 3459 1762 3521 celebrant,
1824 3456 1940 3511 haec
1980 3456 2178 3509 aiunt:
2213 3456 2302 3521 lis,

2411 3470 2653 3539 προϊέναι
2683 3469 2782 3538 μέν
2807 3469 2905 3541 τὴν
2923 3469 3072 3525 θείαν
3084 3471 3359 3541 ἐνέργειαν
3375 3474 3439 3526 ἐκ
3457 3474 3555 3543 τῆς
3578 3476 3727 3539 θείας
3753 3478 3959 3539 οὐσίας,

737 3556 834 3627 qui
867 3555 1059 3610 dicunt
1083 3552 1325 3606 divinam
1352 3548 1723 3620 operationem
1754 3545 2047 3617 provenire
2083 3542 2302 3615 quidem

2411 3559 2653 3628 προϊέναι
2696 3557 2753 3612 δέ
2784 3558 3121 3629 ἁδιαιρέτως,
3169 3560 3262 3614 διὰ
3314 3563 3413 3630 μὲν
3439 3542 3533 3615 τοῦ
3596 3567 3841 3635 προϊέναι
3866 3567 3965 3634 τὴν

737 3664 806 3701 es
837 3646 1020 3701 divina
1049 3641 1378 3705 substantia,
1411 3639 1701 3709 provenire
1732 3651 1863 3691 vero
1908 3634 2301 3705 inseparabili-

2411 3651 2711 3723 ειπόρῤητον
2738 3650 3009 3724 διάκρισιν
3037 3652 3448 3724 παριστώντων,
3469 3656 3555 3710 διὰ
3577 3634 3751 3711 δέτοῦ
3789 3659 3961 3713 ἀδιαι-

740 3747 847 3801 ter,
877 3749 1006 3790 cum
1032 3749 1129 3805 per
1180 3732 1313 3788 illud
1358 3728 1692 3800 (provenire)
1726 3724 2059 3781 ineffabilem
2108 3724 2301 3779 distin—

738 3830 979 3885 ctionem
1003 3826 1335 3897 signiﬁcent,
1375 3836 1473 3893 per
1499 3821 1645 3875 illam
1689 3832 1817 3872 vero
1845 3816 2168 3887 particulam
2198 3816 2302 3885 (in-

738 3916 1139 3991 separabiliter)
1201 3913 1579 3971 admirandam
1633 3907 2072 3979 conjunctionem
2122 3916 2302 3961 osten-

737 4010 893 4072 dant,
920 4016 1123 4063 eterna
1154 4006 1226 4060 sit
1264 4004 1547 4061 memoria.

806 4098 876 4156 Et
914 4097 983 4153 de
1018 4095 1223 4151 lumine
1257 4094 1345 4160 iis,
1375 4094 1547 4159 aiunt,
1577 4095 1667 4166 qui
1714 4092 2043 4150 conﬁtentur
2091 4088 2299 4152 lumen,

735 4189 883 4259 quod
909 4185 1249 4257 resplenduit
1281 4183 1631 4240 inell‘abiliter
1674 4184 1729 4241 in
1761 4192 1945 4237 monte
2004 4178 2299 4248 transﬁgu-

738 4279 968 4336 rationis
1018 4277 1256 4341 Domini,
1290 4277 1475 4331 lumen
1516 4290 1635 4330 esse
1680 4272 2078 4337 inaccessibile,
2109 4271 2299 4326 lumen

736 4374 1083 4444 immensum,
1106 4376 1163 4424 et
1194 4367 1523 4430 ellusionem
1555 4364 2091 4433 incircumscriptam
2125 4359 2298 4415 divini

738 4461 1065 4532 splendoris,
1115 4468 1172 4514 et
1233 4460 1403 4529 gloria
1462 4457 1810 4523 ineﬂ'abilem,
1882 4472 1945 4513 ac
1996 4453 2300 4511 divinitatis

739 4554 1042 4611 claritatem
1097 4553 1220 4621 plus
1258 4565 1421 4619 quam
1468 4549 1785 4619 perfectam,
1814 4548 1937 4603 ﬁliis
1966 4548 2218 4619 gloriam,
2244 4554 2301 4599 et

742 4647 837 4701 Dei
873 4660 1121 4717 regnum,
1178 4642 1762 4713 pulchritudinemque
1814 4655 2020 4705 veram,
2052 4648 2215 4707 atque
2241 4637 2297 4691 in

739 4737 829 4792 sui
857 4751 1096 4791 amorem
1130 4734 1481 4798 allicientem,
1508 4732 1651 4786 circa
1698 4732 1937 4786 divinam
1970 4739 2026 4785 et
2084 4731 2297 4788 beatam

742 4809 891 4882 illam
945 4837 1239 4888 naturam,
1295 4833 1352 4878 et
1411 4822 1715 4877 naturalem
1770 4823 1998 4893 gloriam
2054 4820 2189 4887 Dei,
2233 4833 2297 4874 ac

739 4915 961 4972 deitatis
996 4910 1192 4978 Patris,
1246 4922 1302 4967 et
1330 4910 1565 4981 Spiritus
1598 4909 1654 4964 in
1682 4908 1974 4982 Unigenito
2002 4906 2299 4966 coruscan-

740 5016 875 5074 tem,
891 5016 951 5061 et
984 5012 1270 5076 propterea
1301 5001 1636 5069 existimant,
1660 5001 1961 5057 increatum
1986 4999 2297 5069 huiusmodi

738 5100 949 5163 lumen,
972 5112 1081 5152 non
1123 5104 1304 5149 tamen
1345 5102 1598 5148 asserunt
1627 5107 1749 5149 esse
1794 5093 2300 5164 supersubstantia-

740 5193 848 5246 lem
901 5189 999 5245 Dei
1054 5184 1437 5251 substantiam,
1494 5194 1753 5254 tanquam
1807 5186 1903 5240 illa
1954 5184 2176 5256 penitus
2224 5185 2298 5242 sit

743 5280 1037 5337 invisibilis
1096 5288 1153 5333 et
1191 5277 1687 5349 imparticipabilis,
1736 5276 1928 5331 dicunt
1960 5290 2090 5331 vero
2116 5277 2299 5346 potius

741 5374 848 5428 hoe
879 5366 1063 5426 lumen
1088 5382 1207 5425 esse
1229 5369 1455 5439 gloriam
1486 5368 2025 5439 supersubstantialis
2048 5368 2301 5425 substan-

745 5464 855 5527 tia,
882 5458 952 5515 ab
980 5474 1045 5514 ea
1064 5457 1501 5529 proﬁciscentem
1550 5457 2011 5528 inseparabiliter,
2039 5468 2203 5529 atque
2238 5475 2297 5516 se

743 5551 1118 5608 ostendentem
1172 5562 1352 5607 mente
1404 5550 1647 5621 purgatis
1686 5563 1785 5617 pro
1811 5565 1907 5605 sua
1939 5551 2297 5624 benignitate,

743 5659 867 5699 essm
903 5656 1007 5710 qua
1040 5642 1210 5712 gloria
1248 5641 1512 5697 Dominus
1544 5650 1731 5695 noster
1770 5649 1824 5695 et
1856 5641 2000 5698 Deus
2031 5651 2299 5698 venturus

746 5746 830 5787 est
858 5731 1103 5805 secundo
1132 5747 1234 5787 suo
1263 5741 1427 5803 atque
1464 5728 1746 5785 tremendo
1772 5728 2033 5801 adventu,
2053 5731 2301 5800 judicare

752 5828 901 5879 sit-os
930 5834 982 5878 et
1006 5832 1269 5893 mortuos,
1303 5834 1503 5880 acterna
1535 5826 1603 5883 sit
1632 5821 1913 5877 memoria.

2405 3741 2573 3809 ρέτως
2629 3742 2883 3812 ὑπερφυᾶ
2944 3742 3265 3798 δεικνύντων
3317 3745 3415 3813 τὴν
3447 3744 3660 3813 ῑνωσιν,
3701 3748 3896 3801 αἱωνίλ
3925 3750 3958 3816 ἡ

2402 3831 2616 3903 μνήμηο

2469 4095 2579 4151 Καὶ
2610 4098 2736 4169 περὶ
2783 4095 2878 4149 τοῦ
2930 4098 3105 4166 φωτὸς
3124 4135 3141 4162 ,
3172 4097 3279 4154 τῶν
3330 4099 3755 4169 ὁμολογούντων,
3806 4102 3958 4171 φασὶ,

2398 4187 2459 4239 τὸ
2478 4185 2763 4255 ἐκλάμψαν
2789 4186 3115 4256 ἀπορρήτοις
3136 4189 3252 4257 φῶς
3277 4188 3371 4241 ἐπὶ
3390 4186 3485 4242 τοῦ
3507 4186 3666 4259 δρους
3712 4192 3816 4262 τῆς
3867 4192 3958 4247 τοῦ

2399 4274 2603 4344 Κυρίου
2638 4274 3134 4346 μεταμορφώσεως,
3160 4278 3274 4345 φῶς
3310 4279 3605 4348 ἀπρόσιτον
3654 4276 3816 4348 εἶναι,
3867 4284 3960 4335 καὶ

2401 4364 2514 4435 φῶς
2542 4363 2790 4431 ἄπλετον,
2821 4369 2914 4421 καὶ
2953 4369 3109 4438 χύσιν
3137 4370 3514 4439 ἁπεριόριστον
3538 4372 3687 4437 θείας
3740 4374 3957 4444 αἴγλης.

2404 4456 2496 4509 καὶ
2524 4456 2677 4520 δόξαν
2702 4456 3026 4526 ἀπόρρητον,
3059 4458 3155 4511 καὶ
3179 4458 3435 4529 θεότητος
3475 4460 3631 4527 δόξαν
3663 4465 3957 4533 ὑπερτελῆ,

2404 4544 2535 4600 Υίοῦ
2572 4546 2730 4610 δόξαν
2753 4549 2848 4601 stai.
2877 4546 3153 4617 βασιλείαν
3184 4548 3336 4616 Θεοῦ,
3368 4553 3462 4604 καὶ
3490 4554 3683 4616 κάλλος
3707 4555 3958 4625 ἀληθινὸν

2402 4636 2495 4689 καὶ
2535 4634 2797 4706 ἐράσμιον
2822 4636 2951 4705 περὶ
2996 4635 3095 4706 τὴν
3124 4635 3273 4691 θείαν
3297 4639 3391 4691 καὶ
3442 4642 3717 4710 μακαρίαν
3776 4641 3953 4710 φύσιν,

2401 4728 2493 4781 καὶ
2519 4728 2753 4798 φυσικὴν
2784 4727 2939 4792 δόξαν
2968 4726 3123 4791 Θεοῦ,
3164 4729 3257 4782 καὶ
3312 4729 3561 4800 θεότητος
3619 4731 3830 4801 Πατρδς
3869 4737 3957 4786 καὶ

2402 4819 2717 4890 Πνεύματος
2750 4822 2807 4873 ἐν
2857 4819 2971 4889 Υίῷ
3024 4822 3298 4889 μονογενεί
3325 4817 3838 4889 ἀπσστράπτουσαν,
3866 4824 3955 4875 καὶ

2398 4910 2485 4965 διὰ
2513 4909 2683 4965 ταῦτα
2711 4910 2961 4965 ἄκτιστον
2983 4909 3306 4976 δοξαζόντων
3350 4913 3411 4963 τὸ
3442 4911 3677 4965 τοιοῦτον
3708 4913 3846 4981 φῶς,
3884 4912 3953 4980 μὴ

2403 5002 2590 5072 μέντοι
2620 5018 2683 5070 γε
2713 4999 2845 5057 αὐτὸ
2874 4996 3013 5056 εἶναι
3060 5001 3321 5070 λεγόντων
3367 5001 3467 5071 τὴν
3503 5000 3828 5073 ὕπερούσιον
3864 4998 3951 5053 τοῦ

2400 5092 2535 5147 Θεοῦ
2557 5093 2766 5159 οὐσίαν,
2794 5091 2869 5155 ὡς
2925 5093 3138 5161 ἐκείνης
3196 5090 3425 5161 ἀοράτου
3475 5094 3807 5156 παντάπασι,
3864 5092 3951 5143 καὶ

2402 5181 2713 5252 ἁμεθέκτου
2775 5183 3064 5255 μενούσης,
3112 5180 3265 5244 δόξαν
3314 5180 3371 5234 δέ
3423 5184 3625 5252 μᾶλλον
3690 5183 3951 5251 λεγόντων

2400 5273 2558 5328 τοῦτο
2592 5274 2827 5344 φυσικὴν
2864 5278 2959 5344 τῆς
3009 5272 3331 5343 ὑπερουσίου
3376 5274 3675 5340 οὐσίας,-ἐξ
3740 5276 3948 5344 ἐκείνης

2401 5366 2700 5439 προϊοῦσαν
2755 5366 3095 5439 ἀδιαιρέτως,
3147 5367 3241 5419 καὶ
3273 5367 3696 5437 ἐπιφαινομένην
3716 5366 3804 5422 διὰ
3834 5368 3946 5438 φιλ-

2400 5458 2712 5528 ανθρωπίαν
2740 5458 2875 5514 Θεοῦ
2896 5462 3004 5521 τοῖς
3028 5456 3454 5530 κεκαθαρμένοις
3479 5458 3568 5511 τδν
3625 5459 3772 5528 νοῦν,
3837 5459 3949 5530 μεθ’

2399 5544 2465 5620 ἧς
2493 5549 2649 5621 δόξης
2676 5552 2703 5603 ὁ
2728 5550 2931 5620 Κύριος
2952 5550 3107 5621 ήμῶν
3144 5551 3238 5604 καὶ
3296 5550 3426 5614 Θεὸς
3478 5549 3599 5621 ἥξει
3658 5555 3801 5605 κατὰ
3858 5552 3947 5619 τὴν

2401 5639 2661 5710 δευτέραν
2711 5639 2877 5694 αὑτοῦ
2938 5640 3031 5693 καὶ
3094 5624 3327 5711 φρικτὴν
3377 5641 3681 5711 παρουσίαν
3759 5640 3949 5712 κρίνων

2404 5727 2612 5796 ζῶντας
2639 5731 2733 5787 καὶ
2765 5732 3012 5803 νεκροὺς,
3038 5730 3229 5788 αίωνία
3262 5732 3296 5801 η
3328 5730 3533 5803 μνήμη,
