4126 6322
821 338 923 399 847

2080 338 2455 400 DEMETRII
2496 340 2805 405 CYDONII

3928 357 4008 420 848

810 466 963 508 temo
994 452 1357 507 communiter
1384 466 1575 507 omnes
1598 452 1769 516 aiunt,
1801 469 1818 501 t
1850 451 2021 505 Unam
2048 452 2212 521 igitur
2241 452 2354 507 bant

2444 488 2451 515 ι
2486 474 2507 507 ι
2541 440 2634 509 Ἐν
2660 458 2758 527 μὲν
2792 459 2857 529 δὴ
2890 458 3043 513 τοῦτο
3082 462 3171 514 καὶ
3202 462 3413 530 πρῶτον
3435 464 3633 534 κυρίως
3660 465 3726 519 ἄν
3768 482 3846 523 τις
3901 470 4007 539 φαίη

811 555 869 600 ct
904 548 1232 614 prmeipuam
1270 543 1487 612 proprie
1515 542 1719 597 dixerit
1754 542 1951 611 aliquis
1972 543 2113 597 inter
2135 542 2371 598 divinam

815 636 1171 689 substantiam
1218 640 1274 689 et
1323 634 1565 687 divinam
1619 632 1995 702 operationem
2063 632 2373 689 distinctio-

814 729 900 783 nis
948 726 1201 796 speciem,
1231 724 1494 781 nimirum
1542 724 1842 783 secundum
1891 740 2106 781 causam
2150 736 2205 781 et
2248 740 2373 781 cau-

810 830 1041 874 satum.)

877 909 1109 976 Quintus
1137 908 1329 963 modus
1363 927 1377 964 :
1410 908 1578 963 Aiunt
1606 907 1961 964 substantiam
2002 908 2219 979 quidem
2249 924 2372 979 pro-

720 1012 723 1015 '
813 1004 930 1073 prie
993 1016 1099 1055 non
1154 999 1262 1055 dici
1308 998 1596 1065 Deitatem,
1656 998 1751 1054 sed
1789 1000 1951 1054 etiam
1996 999 2043 1054 si
2088 985 2371 1055 diceretur

811 1094 1013 1156 Dvitas,
1067 1090 1481 1159 supereminens
1526 1090 1751 1156 dicitur,
1812 1096 2055 1161 operatio
2092 1106 2224 1145 vero
2250 1106 2371 1161 pro-

815 1185 929 1253 prie
962 1193 1045 1237 est
1076 1182 1278 1245 Deitas,
1302 1192 1359 1236 et
1382 1179 1591 1235 inﬁnite
1631 1181 1893 1237 inﬁnities
1938 1182 2163 1237 remissa
2188 1181 2371 1239 Deitas

808 1275 883 1344 (id
912 1285 997 1329 est
1023 1273 1292 1341 inferior).
1314 1271 1468 1328 Unde
1493 1286 1615 1329 cum
1645 1273 1828 1327 multa:
1850 1272 1973 1328 'sint
2015 1280 2176 1342 atque
2207 1275 2370 1328 innuo

802 1382 965 1424 mera:
991 1366 1336 1434 tperationes
1370 1364 1465 1420 Dei
1495 1363 1771 1429 increatae,
1794 1365 1975 1418 multae
2003 1380 2219 1435 quoque
2252 1366 2369 1421 dei-

793 1468 940 1512 ‘tates
963 1462 1106 1510 sunt'
1140 1462 1302 1523 atque
1341 1452 1662 1509 innumerae.
1692 1454 1753 1508 Et
1794 1453 2036 1509 Palamas
2062 1455 2278 1523 quidem
2310 1455 2366 1510 in

799 1548 1024 1620 epistola
1054 1546 1119 1602 ad
1153 1544 1488 1613 Acindyuum
1518 1584 1533 1609 ,
1561 1561 1581 1595 ι
1612 1544 1707 1599 Est
1738 1544 1926 1614 igitur,
1966 1545 2164 1615 inquit,
2195 1546 2368 1602 deitas

800 1640 1028 1695 remissa
1078 1636 1283 1692 donum
1332 1636 1598 1690 exsistens
1634 1633 1853 1690 deitatis
1882 1636 2362 1705 supereminentis,

798 1744 900 1786 nec
926 1738 1135 1782 tantum
1161 1726 1354 1790 deitas,
1380 1726 1473 1781 sed
1493 1726 1726 1779 increata
1753 1723 1951 1787 deitas,
1983 1734 2033 1778 et
2061 1725 2199 1779 ultra
2225 1727 2365 1782 lianc

2479 548 2574 628 τῆς
2597 566 2653 601 τε
2681 548 2829 614 θείας
2850 551 3033 613 οὑσίας
3073 554 3163 604 καὶ
3205 553 3354 616 Θείας
3400 556 3675 623 ἐνεργείας
3721 556 4008 628 διακρίσεως

2463 616 2648 705 ⁸εἶδος,
2678 641 2737 693 τὸ
2761 640 2880 694 aut'
2912 643 3083 696 αἴτιον
3100 643 3298 719 δηλαδὴ
3328 645 3419 698 καὶ
3442 616 3703 701 «trimi.
3732 666 3749 698 ι

2546 902 2800 973 Πέμπτος
2836 906 3058 975 τρόπος,
3097 908 3178 960 ὅτι
3230 908 3364 977 φασὶ
3411 911 3511 980 τὴν
3558 909 3660 979 μὲν
3717 911 3899 965 οὐσίαν
3949 917 4006 983 μὴ

2478 995 2681 1064 κυρίως
2730 994 2985 1063 λέγεσθαι
3019 998 3270 1067 θεότητα,
3304 998 3421 1053 ἀλλ’
3467 1002 3515 1053 εί
3550 1001 3647 1055 καὶ
3680 1000 3886 1068 λέγοιτο
3911 1004 4002 1057 62'3-
4094 1064 4095 1069 η

2472 1102 2593 1157 της,
2636 1088 3003 1158 ὑπερκειμένη
3043 1088 3257 1157 λέγεται
3286 1093 3368 1161 ’ἡ
3415 1090 3471 1145 δὲ
3530 1093 3785 1164 ἐνέργεια
3828 1098 4004 1166 κυρίως
4094 1088 4095 1123 ³

2469 1175 2532 1229 τέ
2572 1176 2691 1229 ἐστι
2742 1176 2951 1248 θεότης,
2999 1180 3092 1233 καὶ
3145 1180 3409 1251 ὑφειμένη
3458 1182 3703 1254 ἀπείρως
3739 1187 4003 1257 ἀπειράκις

2471 1267 2640 1331 ἐστὶν,
2674 1266 2797 1320 ὅθεν
2824 1270 2915 1321 xa‘t
2953 1270 3077 1322 ἐπεὶ
3122 1270 3317 1325 πολλαὶ
3345 1274 3440 1326 καὶ
3479 1276 3840 1349 ἀναρίθμητοι
3874 1280 4000 1348 ἐνέρ-

2470 1356 2616 1424 γειαί
2654 1356 2760 1409 είσι
2790 1360 2880 1411 τοῦ
2915 1358 3051 1413 Θεοῦ
3095 1360 3363 1438 ἇκτιστοι,
3412 1364 3506 1418 καὶ
3553 1365 3744 1419 πολλαὶ
3775 1368 4000 1438 θεότητές

2470 1450 2578 1501 είσι
2610 1448 2705 1503 καὶ
2750 1449 3131 1520 ἀναρίθμητοι.
3165 1452 3273 1503 Καὶ
3322 1454 3351 1504 ὀ
3412 1451 3509 1521 μιν
3540 1453 3804 1526 Παλαμᾶς
3850 1459 3903 1510 ἐν
3946 1461 3997 1527 τῇ

2471 1538 2610 1606 πρὸς
2641 1538 2733 1608 τὸν
2771 1538 3075 1591 ’Δκίνδυνον
3109 1539 3390 1613 ἐπιστολῇ,
3435 1560 3455 1594 ι
3494 1544 3681 1597 Ἔστιν
3709 1547 3835 1617 ἄρα,
3867 1550 3998 1615 φησὶ,

2469 1627 2661 1701 θεότης
2690 1629 2956 1699 ὑφειμένη
2981 1669 2997 1695 ,
3042 1630 3212 1699 δῶρον
3254 1626 3390 1686 οὖσα
3432 1632 3534 1699 τῆς
3580 1634 3996 1707 ὑπερκειμένης,
4044 1664 4047 1665 ν

2468 1722 2561 1771 καὶ
2593 1721 2654 1771 οὑ
2688 1719 2878 1790 θεότης
2910 1722 3091 1789 μόνον,
3118 1722 3252 1775 ἀλλὰ
3286 1726 3377 1777 καὶ
3406 1725 3662 1790 ἄκτιστος
3688 1726 3892 1799 θεότης,
3920 1731 3999 1781 καὶ

797 1821 1057 1875 deitatem
1113 1828 1197 1874 est
1244 1819 1408 1873 Deus.
1447 1836 1465 1869 ι
1501 1817 1559 1871 1η
1616 1831 1868 1872 sermone
1904 1833 2031 1871 vero
2060 1818 2125 1871 ad
2160 1818 2354 1872 Nomo-

2464 1813 2600 1882 ὑπὲρ
2629 1810 2832 1883 ταύτην
2865 1811 2963 1880 τὴν
2989 1812 3219 1884 θεότητά
3248 1815 3395 1868 ἐστιν
3422 1818 3452 1869 ὁ
3489 1818 3639 1881 Θεός.
3680 1837 3700 1871 ι
3751 1819 3837 1870 Ἐν
3863 1818 3916 1872 δὲ
3934 1821 3999 1888 τῷ

799 1911 1086 1980 phylacem
1122 1908 1430 1963 Simeonem
1465 1948 1478 1969 ,
1510 1924 1529 1959 ι
1568 1906 1624 1961 Si
1672 1908 1839 1971 enim,
1876 1907 2073 1976 inquit,
2101 1909 2351 1973 remissa,

793 2001 878 2055 vel
926 1998 1172 2062 inferior,
1202 2007 1296 2053 aut
1326 1998 1526 2060 minor,
1558 1997 1641 2051 vel
1683 1998 1958 2068 quidpiam
2009 1998 2184 2051 simile
2216 1997 2355 2051 divi-

796 2111 865 2148 na
894 2093 1140 2163 operatio
1196 2108 1305 2148 non
1358 2093 1596 2157 dicatur,
1632 2104 1739 2145 non
1781 2105 1907 2145 rere
1957 2101 2177 2145 sanctus
2223 2091 2354 2144 Dio-

797 2185 1004 2254 nysius,
1039 2190 1095 2238 et
1143 2190 1409 2251 quotquot
1442 2189 1571 2253 sunt
1610 2180 1688 2233 illi
1723 2180 1957 2250 a‘quales
2018 2188 2075 2254 et
2126 2180 2352 2243 similes,

798 2271 1291 2341 supereminentem
1365 2284 1483 2324 esse
1562 2268 1920 2325 substantiam
1974 2267 2069 2321 Dei
2136 2266 2350 2341 docettt.

796 2362 938 2416 Fieri
972 2362 1119 2417 enim
1151 2367 1577 2426 nonpotest,,ut
1605 2359 1737 2430 quid
1769 2358 2210 2427 superemineat,
2244 2372 2350 2411 non

794 2452 1119 2517 cxsistente,
1147 2450 1292 2519 quod
1338 2450 1476 2504 infra
1528 2450 1619 2505 sit.
1661 2468 1677 2501 ι
1712 2449 1776 2502 Et
1810 2448 1864 2501 in
1895 2449 2163 2511 oratione,
2197 2447 2354 2519 cujus

793 2541 1009 2595 initium
1044 2556 1057 2593 :
1088 2540 1130 2593 Α
1181 2540 1373 2608 spiritu
1424 2540 1667 2594 excitatis
1696 2538 1944 2592 Patribus
1966 2555 1983 2591 :
2013 2556 2031 2589 ι
2082 2537 2349 2603 Quoniam

790 2629 959 2693 enim,
1013 2627 1214 2697 inquit,
1260 2636 1316 2682 et
1370 2627 1464 2681 Dei
1528 2637 1725 2681 natura
1798 2627 1970 2682 deitas
2024 2626 2346 2697 appellatur,

792 2725 961 2793 magis
1016 2732 1196 2776 autem
1262 2721 1482 2790 proprie
1518 2721 1785 2790 Operatio.
1828 2737 1846 2769 ι
1892 2718 1958 2772 Ει
1997 2718 2051 2772 in
2105 2718 2346 2790 Dialogo,

792 2813 954 2879 cujus
1008 2807 1292 2880 inseriptio
1347 2808 1665 2863 Barlamites
1698 2817 1748 2862 et
1796 2808 2146 2873 Orthodoxus,
2176 2827 2194 2860 ι
2230 2808 2347 2863 Una

791 2911 895 2969 est,
932 2901 1127 2971 inquit,
1158 2901 1323 2954 trium
1384 2900 1743 2970 Iiypostaseon
1790 2898 1986 2963 deitas,
2020 2913 2115 2954 seu
2155 2912 2346 2953 natura

789 3003 845 3047 et
868 2990 1168 3047 substantia
1204 2989 1760 3059 supersubstantialis,
1802 2989 2050 3059 simplex,
2093 2990 2345 3044 invisibi-

789 3086 881 3150 lis,
906 3082 1587 3151 iuiutelligibilis,prorsus
1623 3081 2108 3151 imparticipabilis.
2140 3100 2157 3133 ι
2194 3080 2343 3135 Reli-
2374 3119 2418 3177 ο

788 3190 910 3245 qua:
928 3188 1077 3237 vero,
1096 3187 1214 3241 quae
1236 3186 1266 3224 a
1295 3171 1501 3225 sanctis
1525 3169 1783 3225 dicuntur
1808 3170 2057 3233 deitates,
2082 3170 2193 3224 sive
2218 3184 2345 3232 una,

787 3268 903 3321 sive
935 3267 1071 3329 dum,
1104 3264 1216 3318 sive
1243 3261 1425 3330 plures
1461 3268 1607 3315 sunt.
1644 3260 1776 3315 Nam
1812 3260 1965 3324 illud,
1998 3261 2195 3329 ubtque
2228 3273 2348 3315 esse

789 3356 896 3411 ἀπὺ
926 3355 1018 3411 τοῦ
1053 3355 1183 3415 θεῖν,
1212 3368 1240 3406 a
1269 3350 1561 3413 currendo,
1588 3358 1643 3405 et
1684 3352 1838 3419 quasi
1890 3350 2093 3420 ubique
2141 3351 2347 3419 pertin-

782 3444 999 3515 gendo;
1056 3442 1184 3495 item
1243 3439 1434 3493 nullibi
1481 3454 1600 3494 esse
1643 3429 2024 3503 decurrendo,
2083 3448 2139 3493 et
2192 3440 2344 3509 quasi

792 3534 1011 3601 ubique
1049 3527 1309 3601 fugiendo
1368 3529 1544 3585 deitas
1601 3531 2031 3599 cognominatur.
2082 3528 2349 3598 Splendor

787 3626 918 3676 item
972 3620 1065 3675 Dei
1084 3630 1114 3685 ',
1147 3612 1307 3689 quem
1348 3631 1403 3674 et
1449 3620 1677 3688 apostoli
1735 3620 1787 3673 in
1828 3629 2009 3672 monte
2054 3634 2347 3689 conspexe-

782 3721 938 3777 runt,
969 3712 1140 3765 deitas
1167 3695 1366 3764 dicitur
1402 3710 1507 3763 ἀπὸ
1532 3709 1625 3762 τοῦ
1656 3690 1857 3773 ataui,
1883 3710 1949 3762 ab
1990 3724 2053 3763 co
2093 3710 2237 3779 quod
2265 3720 2346 3764 est

787 3803 1002 3866 ardere,
1035 3800 1139 3855 hoc
1198 3809 1281 3856 est
1330 3801 1667 3867 comburere,
1718 3810 1880 3865 atque
1931 3814 2145 3853 omnem
2193 3800 2346 3854 mali-

784 3895 917 3947 tiam
950 3906 1286 3946 consumere.
1320 3892 1451 3945 Item
1483 3894 1623 3946 scire
1647 3892 1825 3945 omnia
1856 3892 1961 3943 ἀπὸ
1988 3892 2079 3941 τοῦ
2100 3892 2365 3958 θεᾶσθαι,

787 3984 856 4037 ab
893 3984 1157 4050 aspicere,
1208 3982 1349 4051 quod
1400 3981 1538 4034 Deus
1591 3990 1799 4043 cuncta
1841 3982 2164 4050 conspiciat,
2196 3991 2345 4037 ante-

788 4088 951 4142 quam
992 4071 1144 4135 liant,
1186 4080 1241 4125 et
1288 4071 1573 4140 providere
1624 4071 1732 4124 ἀπὸ
1784 4070 1875 4123 τοῦ
1911 4073 2130 4141 ὲφορᾷν,
2166 4074 2233 4128 ab
2277 4088 2344 4127 eo

788 4161 935 4229 quod
982 4160 1256 4228 inspiciat,
1287 4160 1355 4213 ad
1411 4160 1525 4213 haec
1557 4171 1610 4213 et
1659 4159 1913 4215 deiﬁcare
1968 4162 2162 4232 (deitas
2202 4162 2340 4217 dici-

790 4256 923 4316 tur).
958 4268 976 4299 t
1028 4251 1090 4303 Et
1145 4260 1265 4320 post
1316 4249 1578 4302 nonnulla
1622 4267 1634 4303 :
1683 4268 1699 4301 t
1754 4250 1983 4305 Videsne
2035 4251 2339 4319 evidenter,

788 4340 1080 4410 quodnon
1114 4350 1323 4393 tantum
1365 4356 1483 4408 qua:
1534 4355 1760 4409 prorsus
1818 4348 1901 4394 est
1948 4341 2257 4408 invisibilis,
2287 4352 2343 4397 et

2463 1903 2597 1971 πρὸς
2647 1904 2739 1957 τὸν
2789 1905 3139 1973 νομοφύλακα
3194 1906 3486 1979 Συμεώνην
3516 1925 3532 1939 ·
3602 1928 3620 1961 ι
3671 1911 3732 1963 El
3786 1912 3857 1980 μὴ
3907 1912 3998 1979 γὰρ

2459 1993 2744 2063 ὑφειμένη,
2778 1998 2962 2063 φησὶν,
2994 1997 3025 2062 ἢ
3060 1998 3457 2068 ὑπερεχομένη,
3486 2001 3527 2070 ἢ
3560 2001 3995 2071 ὑποϐεϐηκυῖα,ἧ

2457 2099 2507 2136 τι
2540 2083 2779 2137 τοιοῦτον
2810 2088 2842 2154 ἡ
2875 2088 3008 2149 ,θεία
3046 2088 3297 2158 ἐνέργεια
3332 2089 3571 2159 λεχθείη,
3618 2091 3718 2143 οὑκ
3746 2091 3946 2161 ἀληθῶς
3975 2094 3998 2143 ὁ

2458 2175 2609 2241 ἅγιος
2652 2176 2948 2241 Διονύσιος,
2980 2181 3071 2232 καὶ
3102 2180 3216 2231 ὅσοι
3251 2179 3370 2231 κατ’
3418 2180 3579 2234 αὑτὸν
3612 2181 3997 2252 ὑπερκειμένην

2455 2257 2594 2315 εἶναι
2624 2263 2931 2318 διδάσκουσι
2963 2268 3058 2336 τὴν
3087 2269 3274 2320 οὐσίαν
3304 2268 3397 2321 τοῦ
3428 2270 3587 2323 Θεοῦ.
3618 2271 3691 2324 Οὑ
3725 2271 3831 2341 γὰρ
3866 2270 3997 2323 ἔστιν

2456 2356 2814 2425 ὑπερκεῖσθαι
2849 2357 2923 2427 μὴ
2955 2359 3107 2422 ὄντος
3146 2344 3240 2412 τοῦ
3292 2360 3718 2432 ὑποϐεϐηκότος.
3758 2382 3778 2414 ι
3820 2365 3921 2418 Kal
3947 2365 3997 2414 ὲν

2457 2448 2535 2517 τῷ
2569 2448 2713 2516 λόγῳ
2752 2445 2813 2503 οὗ
2844 2452 2873 2519 ἠ
2904 2450 3064 2520 ἁρχὴ,
3116 2450 3245 2515 Τοῖς
3295 2453 3862 2521 πνειιματοκινήτοις
3892 2452 3994 2507 τῶν

2452 2535 2749 2601 Πατέρων,
2794 2556 2810 2587 ι
2856 2539 3072 2608 Ἐπειδὴ
3119 2540 3267 2610 γὰρ,
3309 2542 3459 2608 φησὶ,
3510 2542 3604 2593 καὶ
3656 2543 3690 2610 ἠ
3742 2541 3832 2595 τοῦ
3873 2542 3995 2595 Θεοῦ

2453 2626 2610 2696 φύσις
2632 2629 2817 2695 θεότης
2839 2629 3180 2695 ὀνομάζεται*
3207 2634 3537 2701 κυριώτερον
3560 2632 3616 2685 δὲ
3638 2634 3669 2701 ή
3692 2634 3947 2702 ἐνέργεια.
3973 2652 3990 2684 ι

2451 2716 2562 2768 Καὶ
2598 2718 2655 2768 ὲν
2692 2716 2769 2782 τῷ
2820 2717 3071 2788 διαλόγῳ,
3124 2714 3185 2773 οὗ
3215 2721 3246 2789 ή
3300 2719 3598 2792 ἐπιγραφὴ,
3635 2724 3995 2792 Βαρλαμίτης

2450 2804 2547 2857 καί
2574 2805 2910 2873 ὀρθόδοξος,
2946 2828 2963 2859 ι
2994 2810 3112 2864 Μία
3160 2811 3276 2863 ἐστὶ
3308 2812 3414 2863 τῶν
3443 2815 3630 2882 τριῶν,
3665 2814 3847 2886 φησιν,
3878 2814 3994 2866 ὑπο-

2452 2896 2694 2974 στάτξων
2724 2895 2935 2967 θεότης,
2974 2900 3090 2969 ἦτοι
3127 2900 3287 2969 φύσις
3331 2903 3425 2955 καὶ
3455 2904 3614 2957 οὐσία
3663 2906 3993 2977 ὑπερούσιος,

2448 2986 2614 3055 ἁπλῆ,
2638 2986 2888 3055 ἀόρατος,
2923 2990 3302 3060 ἀπερινόητος,
3320 2992 3622 3061 ἀμέθεκτος
3641 3000 3991 3053 παντάπασιν.

2449 3078 2516 3129 Al
2552 3076 2609 3147 δὲ
2638 3076 2796 3131 ἄλλαι
2829 3078 2978 3145 παρὰ
3013 3079 3120 3133 τῶν
3172 3081 3347 3148 ἁγίων
3393 3082 3685 3154 λεγόμεναι
3735 3088 3993 3157 θεότητες.

2453 3168 2561 3221 εῐτε
2594 3166 2713 3237 μία,
2747 3168 2856 3221 εἴτε
2887 3170 2997 3236 δύο,
3028 3171 3135 3224 εἴτε
3167 3171 3403 3235 πλείους.
3439 3175 3550 3229 Kal
3580 3177 3688 3249 γὰρ
3716 3178 3779 3237 τὸ
3807 3195 3997 3233 παντα-
4086 3216 4095 3243 ντ

2447 3258 2544 3329 xuii
2580 3257 2741 3328 εἶναι,
2786 3262 2893 3315 ἀπὸ
2923 3263 3017 3316 τοῦ
3057 3265 3168 3317 θεῖν
3206 3266 3299 3319 καὶ
3326 3267 3489 3321 οἱονεὶ
3522 3268 3747 3337 φθάνειν
3802 3288 3995 3325 παντα-

2447 3353 2593 3419 χόσε,
2620 3352 2851 3421 θεότητα
2879 3354 2989 3425 ἔχει
3019 3355 3113 3425 τὴν
3156 3357 3493 3423 ἐπωνυμίαν·
3528 3361 3620 3415 καὶ
3649 3363 3712 3416 τὸ
3758 3363 3993 3434 μηδαμςῦ

2450 3436 2589 3493 εἶναι
2636 3443 2956 3509 ἁποθέοντα,
3008 3445 3194 3524 ὥσπερ
3232 3448 3593 3518 διαφεύγοντα
3642 3455 3991 3523 πανταχόθεν.

2451 3532 2523 3589 Ἥ
2548 3549 2604 3585 τε
2641 3534 2730 3585 τοῦ
2757 3534 2890 3587 Θεοῦ
2914 3523 3253 3607 λαμπρότης,
3292 3539 3359 3609 ἢν
3393 3543 3488 3594 καὶ
3521 3544 3569 3594 οί
3597 3544 3884 3598 ἀπόστολοι
3912 3548 3994 3597 ἐπὶ

2446 3622 2541 3676 τοῦ
2588 3623 2747 3693 ὅρους
2774 3621 2929 3691 εἶδον,
2976 3626 3165 3698 θεότης
3208 3628 3451 3696 λέγεται,
3498 3633 3604 3685 ἀπὸ
3641 3634 3736 3687 τοῦ
3784 3636 3952 3688 αίθειν
3980 3676 3994 3699 ,
4094 3640 4095 3645 “

2446 3714 2692 3767 τουτέστι
2738 3717 2913 3770 καίειν
2963 3735 3020 3772 τε
3069 3719 3181 3783 καὶ,
3210 3721 3526 3777 ἀναλίσκειν
3563 3727 3749 3778 πᾶσαν
3800 3728 3993 3796 μοχθη-

2450 3806 2572 3876 ρίαν
2601 3822 2614 3837 ’
2674 3807 2736 3858 τό
2786 3824 2843 3859 τε
2892 3810 3179 3874 γινώσκειν
3218 3810 3434 3866 ἅπαντα
3484 3819 3630 3885 παρὰ
3683 3819 3743 3869 τὸ
3778 3819 3994 3872 θεᾶσθαι

2446 3897 2621 3949 πάντα
2650 3896 2740 3947 τὸν
2765 3897 2896 3949 Θεὸν
2930 3900 3057 3967 πρὶν
3079 3900 3333 3967 γενέσθαι
3363 3904 3522 3968 αὑτὰ,
3549 3908 3639 3959 καὶ
3663 3908 3725 3961 τὸ
3758 3911 3994 3978 προνοεῖν

2445 3987 2551 4039 ἀπὸ
2599 3985 2688 4039 τοῦ
2722 3988 2941 4057 ἑφορᾷν,
2976 3988 3225 4058 καὶπρὸς
3256 3991 3462 4056 τούτοις
3494 3994 3551 4046 τὸ
3577 3995 3861 4052 θεοποιεῖν.
3895 3997 3993 4049 Kal

2448 4077 2585 4146 μετά
2609 4094 2751 4130 τινα·
2794 4095 2812 4129 ι
2856 4077 3017 4149 ὐρᾷς
3062 4079 3269 4147 σαφῶς,
3307 4083 3469 4135 ὅτιού
3518 4086 3679 4153 μόνον
3726 4089 3758 4157 ή
3796 4088 3993 4140 παντά-

2446 4186 2608 4223 πασιν
2638 4171 2865 4240 ἀόρατος
2896 4171 2986 4223 καὶ
3031 4172 3387 4242 ἁπερινόητος
3420 4176 3512 4228 καὶ
3546 4176 3848 4245 ἀμέθεκτος
3879 4179 3991 4230 θεόο

2443 4277 2578 4329 της,
2630 4261 2763 4313 ἀλλὰ
2817 4262 2910 4315 καὶ
2959 4265 2990 4331 ἡ
3045 4264 3154 4325 τοῖς
3204 4263 3381 4330 ἁγίοις
3436 4266 3617 4334 μόνοις
3671 4269 3991 4340 ἀπορρήτως

2444 4350 2612 4419 ὁρατὴ
2634 4351 2727 4403 καὶ
2746 4353 2909 4422 νοητὴ
2932 4355 3023 4405 καὶ
3047 4354 3288 4425 μεθεκτὴ
3312 4356 3499 4421 θεότης
3514 4357 3606 4409 τοῦ
3642 4359 3775 4412 Θεοῦ
3802 4363 3935 4413 ἐστι.
3970 4378 3985 4408 ι

789 4430 1224 4500 inintelligibilis,
1250 4440 1304 4483 et
1331 4430 1793 4499 imparticipabilis
1816 4430 2007 4495 deitas,
2029 4432 2123 4485 sed
2146 4434 2332 4495 etiam,

2444 4441 2550 4494 Kal
2583 4442 2638 4493 tv
2675 4443 2844 4511 ἑτέρῳ
2866 4458 2885 4477 ε
2926 4460 2944 4494 ι
2991 4442 3129 4495 Ἀλλ’
3160 4444 3270 4511 ἐγὼ
3315 4448 3411 4503 τὰς
3443 4447 3568 4508 ὅλας
3613 4450 3823 4517 ἀγαθάς
3857 4468 3991 4519 φημι

787 4522 1295 4592 qureuineﬂabiliier
1342 4522 1543 4575 sanctis
1586 4530 1669 4575 est
1693 4522 2057 4589 aspectabilis,
2082 4532 2139 4578 et
2171 4524 2333 4579 intel-

788 4613 1032 4682 ligibilis,
1062 4621 1116 4666 et
1151 4612 1543 4680 participabilis
1596 4613 1769 4668 deitas
1839 4613 1929 4668 Dei
1968 4617 2087 4669 est?
2126 4634 2143 4666 ι
2185 4617 2251 4672 Et
2282 4618 2336 4672 in

787 4703 889 4756 alia
950 4703 1195 4755 oratione
1230 4719 1243 4754 :
1279 4720 1295 4751 ι
1352 4701 1454 4755 Sed
1502 4716 1602 4772 ego
1650 4716 1837 4756 omnes
1866 4704 2060 4770 bonos,
2091 4706 2334 4775 inquam,

790 4796 949 4848 unius
979 4794 1073 4847 Dei
1112 4807 1404 4859 processus
1449 4807 1569 4847 esse
1620 4792 1989 4848 substantialis
2020 4795 2133 4849 haec
2161 4805 2215 4850 et
2240 4812 2333 4851 na-

788 4884 979 4937 turalia
1012 4883 1126 4945 Dei,
1164 4898 1282 4951 quce
1323 4880 1580 4937 dicuntur
1610 4882 1833 4939 remissa
1864 4894 2111 4953 respectu
2139 4886 2335 4941 divina

788 4973 1124 5037 substantiae,
1156 4988 1275 5041 qua:
1298 4980 1355 5026 et
1387 4972 1454 5025 ab
1486 4973 1622 5040 ipsa,
1654 4985 1707 5026 et
1738 4974 1879 5027 inter
1912 4989 1969 5028 se
1996 4975 2334 5046 diStlnguun-

793 5072 879 5113 tur
902 5060 1202 5127 (nimirum)
1226 5060 1565 5127 sapientiam,
1594 5064 1909 5135 potentiam,
1936 5053 2330 5133 operationem,

788 5153 975 5213 vitam,
1002 5158 1057 5203 et
1082 5148 1400 5215 bonitatem,
1432 5166 1493 5205 ac
1521 5154 1949 5220 sanctitatem,et
1971 5158 2148 5211 omnia
2178 5170 2335 5229 quoto

786 5248 918 5306 quot
946 5251 998 5292 et
1033 5248 1136 5301 est,
1189 5249 1244 5293 et
1274 5240 1470 5295 dicitur
1519 5258 1720 5298 numen
1768 5245 2030 5299 divinum.
2068 5265 2087 5299 ι
2125 5249 2332 5307 Rursus

790 5327 841 5381 in
870 5327 1057 5381 eadem
1092 5328 1373 5385 oratione:
1411 5348 1429 5381 ι
1478 5330 1581 5387 Sed
1618 5334 1661 5386 si
1708 5346 1815 5387 non
1844 5341 1986 5390 esset
2020 5337 2121 5393 alia
2156 5341 2329 5398 deitas

788 5425 983 5483 praeter
1018 5415 1258 5471 divinam
1305 5430 1574 5489 natpram,
1614 5422 1874 5491 ingenita,
1908 5426 2010 5495 ipsi
2040 5414 2327 5497 coaeterna,

791 5515 1044 5572 tanquam
1101 5506 1270 5573 ipsius
1328 5511 1588 5578 operatio.
1648 5530 1667 5563 ι
1724 5512 1790 5567 Et
1842 5523 1962 5582 post
2022 5520 2330 5576 nonnulla:

794 5612 813 5645 ι
845 5593 947 5649 Sed
983 5603 1036 5647 et
1064 5596 1194 5650 illud
1228 5596 1485 5653 inﬁnitics
1528 5600 1734 5656 infinite
1775 5603 1827 5657 in
1864 5605 2116 5662 omnibus
2140 5607 2331 5679 hujus-

786 5684 932 5738 uiodi
966 5685 1159 5742 divinae
1182 5690 1550 5745 attribuerunt
1594 5692 1921 5750 eminentiae.
1958 5713 1975 5747 ι
2007 5696 2071 5751 Et
2107 5697 2160 5753 in
2190 5699 2331 5770 Apo-

2440 4531 2532 4584 τοῦ
2558 4533 2674 4594 ἑνὸς
2702 4532 2835 4585 Θεοῦ
2867 4535 3125 4602 προόδους
3161 4529 3300 4587 εἶναι
3329 4536 3392 4589 τὰ
3420 4538 3655 4609 οὖσιώδη
3691 4540 3863 4593 ταῦτα
3903 4541 3991 4592 καὶ

2438 4622 2643 4687 φυσικὰ
2670 4620 2763 4673 τοῦ
2802 4622 2935 4675 Θεοῦ
2962 4622 3029 4675 τὰ
3056 4624 3322 4691 ὑφειμένα
3353 4628 3448 4697 τῆς
3477 4629 3628 4692 θείας
3663 4632 3873 4694 οὑσίας,
3903 4634 3991 4684 καὶ

2437 4709 2603 4780 ἕτερα
2631 4712 2837 4777 ταύτης
2868 4729 2927 4765 τε
2955 4713 3050 4765 καὶ
3083 4713 3347 4781 ἀλλήλων,
3388 4718 3487 4796 ﬁt;
3520 4718 3866 4799 σοφίανκτὴν
3910 4721 3992 4773 δύο

2438 4820 2621 4873 ναμιν,
2656 4804 2755 4873 τὴν
2796 4807 3103 4873 ἐνέργειαν,
3140 4809 3235 4878 τὴν
3281 4808 3448 4878 ζωήν,
3498 4802 3591 4863 καὶ
3640 4812 3988 4883 ἀγαθότητα.

2436 4894 2530 4969 καὶ
2557 4895 2837 4963 ἁγιότητα,
2862 4897 3124 4950 καὶπάνθ’
3148 4900 3247 4952 ὅσα
3272 4901 3365 4969 καὶ
3387 4901 3500 4951 ἐστι
3528 4900 3589 4952 τὸ
3611 4902 3762 4956 Θεῐον
3795 4906 3889 4956 καὶ
3916 4904 3993 4955 λέ-

2436 4998 2613 5050 γεται.
2646 5001 2665 5034 ι
2708 4983 2815 5036 Kal
2845 4978 3005 5039 πάλιν
3038 4990 3094 5039 ὲν
3116 4987 3190 5056 τῷ
3212 4968 3393 5057 αύτῷ·
3439 5007 3456 5040 ι
3501 4990 3638 5042 Ἀλλ’
3664 4994 3712 5044 εί
3736 4995 3810 5062 μὴ
3860 4995 3988 5061 ἄλλη

2435 5073 2620 5140 θεότης
2647 5072 2731 5140 εἴη
2778 5075 2927 5145 παρὰ
2955 5076 3050 5144 τὴν
3105 5077 3252 5130 θείαν
3300 5078 3458 5146 φύσιν
3511 5081 3804 5151 ἀγέννητος
3838 5122 3855 5146 ,
3903 5087 3989 5136 καὶ

2434 5163 2567 5233 αὐτῇ
2597 5163 2860 5227 συνατδιος
2888 5163 2958 5229 ὡς
2992 5166 3238 5237 ἐνέργεια
3270 5168 3459 5236 αὐτῆς.
3499 5187 3517 5220 ι
3557 5171 3665 5222 Kal
3692 5173 3831 5241 μετά
3852 5190 3986 5227 τινα·

2440 5272 2459 5305 ι
2498 5253 2658 5306 Ἀλλὰ
2679 5254 2769 5306 καὶ
2788 5253 2847 5307 τδ
2868 5256 3176 5325 ἀπειράκις
3223 5258 3461 5327 ἀπείρως
3495 5260 3713 5313 ἐπὶτῶν
3740 5250 3991 5318 τοιούτων

2435 5344 2651 5397 πάντων
2722 5346 2786 5413 τῇ
2817 5345 2935 5418 θείᾳ
2984 5348 3325 5416 προσέθηκαν
3372 5351 3651 5421 ὑπεροχῇ.
3691 5373 3711 5404 ι
3774 5355 3890 5411 Kal
3939 5357 3993 5408 ἓν

2434 5435 2498 5503 τῇ
2547 5433 2688 5486 οὕτω
2720 5434 3024 5505 καλουμένῃ
3062 5434 3464 5509 διεξοδικωτέρᾳ
3492 5442 3752 5514 ἀπολογίᾳ
3783 5461 3797 5475 ·
3836 5464 3859 5497 ι
3889 5446 3992 5499 Kal

2435 5524 2544 5593 γὰρ
2577 5525 2994 5597 κατηξιώθημεν
3026 5528 3224 5582 εἰδέναι
3254 5530 3353 5599 τὴν
3376 5537 3476 5599 μὲν
3499 5533 3688 5587 οὐσίαν
3718 5537 3848 5604 μίαν
3898 5537 3989 5587 καὶ

2435 5612 2613 5682 ἁπλῆν
2660 5616 2751 5667 καὶ
2792 5617 3095 5685 ἀδιαίρετον
3146 5616 3269 5673 καθ’
3302 5604 3521 5691 ¹ἐμαυτὴν,
3570 5624 3790 5689 ικείνας
3834 5627 3892 5680 δὲ
3929 5628 3987 5679 οὐ

2435 5700 2632 5765 πολλὰς
2673 5704 2852 5773 μόνον,
2886 5706 3019 5761 ἀλλὰ
3054 5710 3143 5761 καὶ
3190 5709 3421 5782 ἀριθμὸν
3470 5712 3925 5784 ὑπερδαινούσας.
3963 5736 3980 5770 ι
