4126 6322
171 297 283 361 853

1385 294 1785 357 ADVERSUS
1824 293 2205 352 PALAMAM.

3310 284 3415 348 858

177 414 309 484 μίαν
360 408 497 466 εἶναι
544 411 720 475 ταῦτα
755 409 931 464 πάντα
971 409 1198 480 θεότητα
1241 408 1487 463 συνιέντα
1536 410 1615 469 εἰς
1663 407 1740 471 ἓν,

1857 418 2012 461 tatem
2066 408 2118 460 in
2176 422 2339 460 unum
2393 406 2791 471 convenientia,
2850 404 3049 474 quippe
3085 398 3413 455 increatah

172 503 254 565 ὡς
285 504 513 558 ἄκτιστσ
531 520 546 567 ;
578 522 597 555 ι

255 597 369 649 Καὶ
404 598 463 649 ιν
500 597 695 667 ἑτέρῳ,
726 586 786 649 οὗ
821 598 854 665 ἡ
909 596 1052 666 ἀρχὴ
1080 637 1093 661 ,
1147 593 1562 648 Φιλονεικοῦσι
1614 590 1744 656 μὲν,

186 707 210 739 σ
251 689 331 741 Οὐ
363 688 556 741 πολλαὶ
582 688 638 741 δὲ
691 689 853 759 μόνον
882 690 936 742 αἱ
974 688 1113 740 θεῖαι
1162 686 1455 757 ἐνέργειαι,
1488 682 1624 737 ἀλλὰ
1655 680 1749 733 καὶ

181 780 436 845 ἀλλήλων
465 779 841 847 διαφέρουσαι,
878 778 1092 846 καὶτῆς
1129 779 1259 848 μιᾶς
1291 776 1475 839 οὐσίας
1500 773 1559 839 ἔξ
1583 775 1751 843 ἀντίγ’

184 886 287 935 κης
307 868 702 938 διενηνόχασιν.
735 886 754 919 ι

258 959 331 1028 ιη’
359 960 582 1030 τρόπος,
610 960 671 1013 τὸ
691 960 790 1029 τὴν
823 959 921 1027 μὲν
945 959 1133 1012 οὐσίαν
1161 959 1301 1028 ὑπὲρ
1336 959 1396 1011 τὸ
1426 958 1547 1010 καθ’
1581 959 1750 1027 ὑπερ-

182 1052 319 1119 οχὴν
368 1051 429 1103 θν
468 1051 744 1118 λέγεσθαι,
776 1050 875 1120 τὴν
906 1050 951 1103 δ’
982 1051 1263 1120 ἐνέργειαν
1310 1048 1431 1103 καθ’
1478 1048 1752 1119 ὑπεροχὴν

200 1144 264 1208 ,ιὴ
293 1141 375 1195 όν.
411 1142 523 1195 Καί
556 1159 720 1211 φησιν
750 1144 777 1194 ό
810 1142 1076 1211 Παλαμᾶς
1114 1142 1171 1194 ἐν
1200 1159 1302 1194 τινι
1331 1141 1438 1194 τῶν
1473 1142 1752 1211 προτέρων

188 1234 371 1298 λόγων
397 1250 411 1264 ο
454 1252 472 1286 t
515 1235 625 1288 Καὶ
664 1234 804 1302 ὑπὲρ
834 1235 895 1286 τὸ
945 1234 1069 1287 καθ’
1115 1232 1392 1302 ὑπεροχὴν
1431 1231 1506 1301 μὴ
1550 1232 1631 1293 ὃν,
1666 1232 1752 1285 διὰ

188 1325 393 1392 νοερᾶς
421 1324 724 1394 αἰσθήσεως
765 1326 1147 1394 πνευματικῶς
1194 1325 1490 1395 ὁρώμενον,
1526 1325 1551 1376 ὃ
1591 1324 1746 1377 οὐσία

184 1414 279 1465 τοῦ
321 1414 459 1468 Θεοῦ
487 1414 688 1484 ἥκιστά
717 1417 856 1468 ἐστι.
900 1436 918 1464 ι

262 1582 328 1635 ιθ¹
361 1584 563 1654 τρόπος
590 1588 708 1639 ἐστὶ
755 1586 816 1639 τὸ
859 1586 956 1655 τὴν
1006 1585 1193 1637 οὐσίαν
1231 1585 1457 1655 ἄσχετον
1490 1581 1630 1638 εἶναι
1662 1589 1754 1639 καὶ

188 1675 498 1744 ἀμίμητον,
556 1675 653 1743 τὴν
692 1675 748 1728 δὲ
801 1676 1081 1744 ἐνέργειαν
1137 1678 1321 1745 σχέσιν
1357 1695 1411 1728 τε
1466 1675 1605 1731 εἶναι
1661 1678 1752 1730 καὶ

1923 587 1985 641 Et
2019 587 2071 641 in
2108 588 2214 641 alia
2263 587 2531 651 oratione,
2586 587 2742 655 cujus
2825 582 3063 643 initium,
3098 579 3422 633 Contendant

1853 678 2055 747 quidem
2095 693 2111 729 :
2155 696 2172 727 ι
2212 677 2328 732 Non
2365 678 2538 732 solum
2586 687 2766 730 autem
2823 672 3007 727 multa:
3052 679 3178 724 sunt
3225 668 3424 722 divina:

1853 766 2215 834 Operatioiies,
2244 767 2336 821 sed
2371 776 2424 821 et
2468 767 2609 819 inter
2638 782 2694 820 se
2726 764 3063 824 diﬂ‘erentes,
3107 768 3161 813 et
3203 759 3271 812 ab
3314 774 3422 811 una

1853 857 2154 911 substantia
2184 857 2495 911 necessario
2519 856 2799 910 tliﬂcrunt.
2844 874 2861 904 ι

1925 945 2177 998 Decimus
2203 955 2427 999 octavus
2454 946 2667 1010 modus,
2698 945 2841 1014 quod
2870 943 3172 997 substantia
3202 933 3423 1008 quidem

1855 1035 2068 1090 dicatur
2104 1052 2209 1089 non
2246 1052 2344 1091 ens
2386 1052 2548 1105 supra
2577 1051 2796 1091 omnem
2832 1035 3424 1099 eminentiam.opera-

1857 1128 1931 1180 tio
1965 1142 2090 1179 vero
2126 1141 2234 1181 non
2271 1141 2367 1181 ens
2403 1142 2499 1195 per
2536 1126 2911 1181 eminentiam.
2959 1125 3021 1178 Et
3054 1125 3128 1175 ait
3177 1122 3425 1175 Palamas

1856 1218 1908 1272 in
1942 1218 2174 1285 quadam
2209 1218 2455 1270 oratione
2484 1234 2543 1269 ex
2586 1216 2862 1285 prioribus
2890 1213 3261 1267 orationibus:
3300 1229 3319 1260 ι
3361 1210 3424 1263 Et

1856 1324 2017 1379 supra
2048 1308 2097 1361 id
2125 1307 2268 1376 quod
2306 1317 2385 1360 est
2412 1322 2543 1359 ~non
2588 1322 2684 1359 ens
2718 1320 2811 1373 per
2853 1304 3227 1365 eminentiam,
3280 1300 3423 1369 quod
3510 1372 3517 1377 θ

1857 1416 1952 1467 per
1995 1413 2215 1453 sensum
2277 1396 2704 1449 intellectualem
2756 1392 3138 1463 'spiritualitcr
3191 1391 3426 1453 videtur,

1856 1491 2001 1559 quod
2038 1489 2342 1544 substantia
2378 1488 2469 1541 Dei
2508 1486 2735 1551 minime
2767 1495 2869 1558 est.
2908 1504 2925 1537 ι

1923 1582 2178 1638 Decimus
2205 1594 2382 1633 nonus
2421 1578 2637 1639 modus,
2664 1576 2807 1647 quod
2859 1575 3162 1649 substantia
3192 1573 3412 1643 quidem

1856 1681 2037 1725 careat
2092 1669 2434 1731 habitudine,
2501 1678 2557 1721 et
2609 1666 2955 1720 inimitabilis
3011 1664 3116 1727 sit,
3174 1662 3421 1732 operatio

190 1765 454 1832 μίμησιν,
477 1764 571 1819 καὶ
594 1757 838 1834 μίμημα⁹
864 1767 957 1819 καὶ
983 1766 1372 1834 ἀποφαίνονται
1404 1770 1458 1817 έν
1482 1767 1556 1835 τῷ
1577 1769 1747 1837 τόμῳ,

1857 1774 1983 1813 vero
2013 1758 2281 1811 habitudo
2312 1758 2404 1818 sit,
2428 1763 2483 1810 et
2517 1755 2770 1814 imitatio,
2798 1762 2963 1820 atque
3001 1751 3426 1806 imitamentum.

188 1853 338 1904 ὥστε
368 1852 491 1905 οῦδὲ
522 1854 555 1922 ἡ
588 1852 833 1916 θεοποιὸς
857 1855 1036 1923 δωρεὰ
1072 1854 1166 1907 τοῦ
1212 1855 1525 1925 Πνεύματος
1549 1856 1685 1925 αὐτὴ
1721 1858 1751 1924 ἡ

188 1941 387 2006 θέωσίς
410 1943 527 1996 ιστι
550 1943 767 2010 κτιστῆ,
794 1944 928 1998 διότι
963 1946 1145 2014 σχέσις
1177 1947 1297 1997 ἐστὶ
1327 1944 1463 2014 πρὸς
1493 1946 1561 1998 τὰ
1597 1947 1750 1999 θεούο

190 2049 357 2103 μενα,
386 2051 420 2089 ¹ι
454 2033 564 2087 Καὶ
609 2033 792 2100 πάλιν,
845 2052 864 2087 ‹
904 2036 1064 2088 Ὥστε
1109 2037 1169 2089 τὸ
1218 2037 1443 2106 μίμημα
1498 2038 1752 2106 λέγεσθαι

190 2123 294 2176 οὐκ
347 2124 633 2195 ιμποδίζει
672 2125 809 2197 πρὸς
863 2126 925 2179 τὸ
980 2128 1237 2182 ἄκτιστον
1288 2124 1565 2201 εἶναι’τὴν
1617 2133 1745 2186 θέω-

190 2231 298 2269 σιν.
331 2232 354 2265 Ι

261 2303 311 2356 κ’
344 2305 545 2374 τρόπος
587 2306 703 2359 ἔστι
735 2347 752 2370 ,
771 2308 832 2361 τὸ
856 2309 952 2380 τὴν
998 2310 1186 2363 οὐσίαν
1217 2310 1486 2365 ἀθάνατον
1519 2307 1658 2364 εἶναι
1688 2312 1756 2364 δι’

189 2394 421 2461 ἑαυτὴν,
444 2394 541 2463 τὴν
576 2394 621 2447 δ’
645 2394 925 2465 ἐνέργειαν
957 2398 1044 2451 διὰ
1077 2399 1176 2467 μὲν
1206 2398 1301 2470 τὴν
1329 2400 1519 2453 οὐσίαν
1548 2400 1751 2455 ἀθάνα-

187 2500 307 2549 τον,
358 2483 427 2537 δι’
465 2485 632 2555 αὐτὴν
664 2485 720 2539 δὲ
764 2486 1049 2557 νέκρωσιν.
1083 2470 1189 2541 καί
1224 2506 1357 2558 φησι
1399 2489 1662 2558 Παλαμᾶς
1696 2493 1755 2544 ὲν

188 2576 271 2645 τῷ
338 2576 469 2644 περὶ
522 2576 675 2639 θείας
736 2578 829 2630 καὶ
889 2579 1139 2632 θεοποιοῦ
1196 2580 1496 2649 μεθέξεως·
1560 2600 1578 2633 ε
1621 2583 1755 2637 ειδο

189 2669 397 2720 lubet
427 2666 633 2720 ιτοῦτον
676 2668 771 2721 τὸν
803 2668 1003 2739 τρόπον
1032 2672 1125 2724 καὶ
1168 2670 1335 2735 ζῶσιν
1368 2673 1633 2737 ἅθάνατα,
1664 2675 1756 2726 καὶ

189 2757 510 2826 τεθνήκασι,
542 2757 637 2812 καὶ
666 2759 851 2813 πολλοὶ
882 2760 989 2812 τῶν
1036 2761 1271 2815 ἐνταῦθα
1303 2763 1520 2826 ζώντων
1550 2763 1753 2831 νεκροὶ,

191 2845 451 2915 καθάπερ
485 2849 513 2900 ὁ
534 2845 679 2917 ζωῆς
708 2848 801 2901 καὶ
834 2848 1065 2902 θανάτου
1088 2850 1320 2918 Χριστὸς
1339 2850 1755 2916 ἔδειξεν.”Εστιν

189 2934 303 3003 ipa
348 2937 446 2988 καὶ
494 2936 686 3007 θεότης
733 2939 1024 3010 νέκρωσις,
1081 2941 1349 2995 ἀθανάτου
1401 2943 1543 2995 κατὰ
1593 2941 1754 3011 φύσιν

196 3024 489 3096 μενούσης.
524 3046 543 3079 ι

266 3117 384 3168 Καὶ
408 3117 557 3171 ἄλλοι
582 3117 639 3171 δὲ
668 3118 855 3186 τρόποι
879 3118 1118 3173 πλεῖστοι
1150 3126 1207 3175 ἐν
1236 3124 1347 3186 τοῖς
1377 3123 1553 3177 αὐτῶν
1579 3126 1757 3192 ἐγκει-

197 3223 358 3277 μενοι
385 3209 649 3276 δόγμασιν
690 3212 953 3294 εἰάθησαν
1006 3213 1136 3280 παρ’
1168 3216 1342 3281 ἡμιὶν,
1375 3218 1502 3277 τοὺς
1542 3216 1756 3269 καθολι-

195 3300 475 3367 κωτέρους
501 3299 896 3368 ἐκλεξαμὲνων.
940 3301 1092 3354 Ἐπεὶ
1130 3304 1178 3355 δ’
1208 3305 1470 3368 ὡσαύτως
1501 3306 1757 3376 εὕρηνται

194 3390 332 3456 παρ’
358 3389 539 3452 αὐτοῖς
574 3392 666 3442 καὶ
685 3389 847 3459 ἕτερα
876 3393 996 3445 λίαν
1027 3394 1197 3463 ἁσεὸἧ
1227 3396 1492 3464 δόγματα,
1527 3399 1599 3467 μὴ
1630 3399 1760 3451 ὑποι

206 3480 482 3532 πίπτοντα
510 3482 620 3542 τοίς
669 3480 775 3531 τῶν
807 3482 1132 3552 διακρίσεως)
1179 3486 1419 3554 τρόποις,
1465 3489 1759 3555 ἀναγκαῖον

195 3570 293 3622 καὶ
316 3569 426 3621 ἀπὸ
444 3568 644 3622 τούτων
668 3571 895 3639 ἐκϐῆναι
925 3590 1046 3626 τινα
1070 3575 1335 3629 ἐνταυθοῖ.
1364 3579 1472 3640 Τὰς
1504 3578 1760 3646 θεότητας

196 3656 313 3717 οὖν.
345 3660 412 3723 ἃς
445 3663 508 3713 ὲκ
545 3662 666 3713 νέου
692 3665 1109 3732 συνεστήσαντο,
1140 3666 1285 3718 ἐστιν
1314 3668 1445 3719 ὅπου
1478 3670 1569 3719 καὶ
1604 3667 1758 3729 θεούς

196 3767 356 3818 φασι.
390 3750 553 3818 Λέγει
584 3753 764 3804 τοίνυν
798 3755 1059 3822 Παλαμᾶς
1087 3756 1142 3807 ἐν
1165 3774 1269 3808 τινι
1290 3758 1398 3809 τῶν
1429 3760 1555 3827 περὶ
1586 3760 1759 3826 φωτὸς

196 3838 378 3904 λόγων
402 3836 588 3892 αὑτῶ·
619 3858 637 3891 ε
678 3841 862 3893 Διττὸν
887 3837 1026 3895 εἶναι
1056 3842 1115 3896 τὺ
1138 3844 1292 3897 Θεῖον
1323 3844 1640 3914 βουλόμενος
1657 3848 1762 3898 δεῖ-

198 3928 315 3994 ξαι,
357 3928 544 3998 φησὶν,
567 3931 629 3984 οὐ
668 3931 827 4000 μόνον
870 3931 1001 3995 Θεός
1040 3936 1186 3987 ἐστιν
1230 3935 1371 4003 ὑπὲρ
1397 3938 1465 3988 τὰ
1509 3936 1637 3988 ὄντα
1662 3935 1758 3999 ὢν,

194 4019 404 4089 δηλαδὴ
430 4020 463 4089 ἠ
489 4021 758 4091 ἐνέργεια,
802 4023 931 4089 περὶ⁴
972 4018 1037 4093 ἧς
1066 4023 1212 4093 αὐτῷ
1237 4021 1306 4095 ἦν
1344 4027 1373 4077 ό
1404 4026 1583 4093 λόγος,
1618 4026 1758 4079 ἀλλὰ

198 4112 294 4162 καὶ
315 4110 581 4179 ὑπέρθεος
602 4127 618 4142 ο
649 4114 744 4165 καὶ
770 4113 829 4163 οὐ
863 4113 1022 4180 μόνον
1050 4114 1189 4184 ὑπὲρ
1217 4116 1396 4168 πᾶσαν
1418 4115 1566 4169 θέσιν
1591 4116 1758 4181 ἐστὶν,

198 4198 355 4251 ana
390 4199 485 4250 καὶ
528 4198 668 4267 ὑπὲρ
712 4200 897 4253 πᾶσαν
932 4199 1241 4269 ἀφαίρεσιν,
1305 4203 1339 4270 ἡ
1386 4202 1628 4272 ὑπεροχὴ
1665 4203 1759 4255 τοῦ

201 4291 425 4340 πάντων
469 4287 762 4341 δπέκεινα·
809 4290 903 4341 καὶ
949 4290 1129 4342 πᾶσαν
1185 4289 1457 4361 ὑπεροχὴν
1506 4293 1756 4346 ὁπωσοῦν

1852 1859 1907 1903 et
1937 1851 1989 1904 in
2021 1859 2168 1901 tomo
2196 1845 2520 1908 sententiam
2548 1845 2730 1898 ferunt
2761 1860 2775 1896 :
2815 1861 2833 1894 ι
2869 1844 3056 1912 itaque
3103 1840 3421 1909 nequcdei

1855 1938 2060 1991 ticatrix
2091 1935 2307 2006 largitio
2338 1934 2575 2005 Spiritus
2623 1935 2737 2001 ipsa
2785 1934 3058 1988 deitieatio
3085 1942 3168 1987 est
3204 1944 3411 1993 creata.

1852 2025 2107 2096 quoniam
2157 2023 2424 2078 habitudo
2476 2032 2560 2076 est
2611 2023 2677 2074 ad
2730 2036 2961 2091 ea,qu:e
2996 2022 3341 2077 dedicantur.
3389 2040 3409 2072 ο

1854 2116 1920 2170 Et
1963 2130 2195 2171 rursus:
2236 2132 2253 2166 ι
2288 2112 2469 2181 Quare
2525 2113 2672 2181 quod
2720 2111 2948 2167 dicatur
2996 2112 3422 2173 imitamentum,

1854 2223 1959 2261 non
1991 2206 2190 2271 obstat,
2213 2206 2345 2275 quin
2370 2203 2648 2259 deiﬁcatio
2692 2205 2761 2258 sit
2794 2204 3054 2259 increata.
3098 2221 3117 2254 ι

1923 2297 2231 2351 Vicesimus
2286 2296 2501 2360 modus,
2547 2295 2693 2365 quod
2737 2294 3042 2351 substantia
3099 2296 3321 2363 quidem
3353 2296 3425 2349 sit

1856 2368 2180 2452 immortalis
2212 2404 2311 2456 per
2335 2400 2413 2452 se,
2450 2397 2693 2457 operatio
2738 2401 2871 2440 vero
2912 2395 3133 2455 propter
3156 2386 3413 2441 substan-

1855 2481 1982 2533 tiam
2013 2478 2235 2548 quidem
2272 2478 2613 2543 immortalis,
2652 2492 2749 2547 per
2780 2491 2840 2531 se
2870 2491 3003 2530 vero
3038 2476 3417 2539 mortiﬁcatio;

1854 2578 1907 2623 et
1937 2572 2014 2623 ait
2049 2568 2296 2622 Palamas
2324 2568 2379 2621 in
2409 2569 2550 2623 libro
2594 2566 2669 2621 De
2713 2568 2894 2621 divina
2946 2567 3224 2634 deificum:
3260 2568 3430 2634 parti-

1854 2661 2105 2724 cipatione
2135 2672 2153 2710 :
2188 2676 2206 2709 ι
2242 2657 2396 2723 Quod
2422 2658 2465 2711 si
2497 2658 2569 2712 illi
2622 2658 2769 2711 liunc
2798 2657 2851 2711 in
2891 2657 3111 2711 modum
3144 2666 3203 2711 et
3226 2660 3418 2713 vivunt

1856 2749 2234 2803 immortaliter
2254 2757 2309 2803 et
2339 2747 2536 2801 mortui
2565 2759 2710 2809 sunt,
2738 2755 2793 2801 et
2828 2748 3047 2816 plurimi
3088 2763 3155 2801 ex
3208 2748 3295 2800 liis
3320 2749 3414 2815 qui

1853 2839 2064 2902 vivunt,
2120 2836 2319 2890 mortui
2364 2846 2512 2899 sunt,
2539 2844 2597 2887 ut
2651 2835 2777 2889 vita:
2826 2835 3129 2905 mortisque
3179 2835 3423 2889 ostendit

1854 2928 2138 2983 Dominus.
2173 2929 2268 2983 Est
2290 2944 2421 2998 ergo
2463 2928 2623 2982 etiam
2676 2928 2849 2982 deitas
2886 2930 3249 2993 rnortiticatio,
3299 2944 3425 2983 cum

1776 3058 1824 3122 ρ
1858 3022 2182 3075 immortalis
2206 3020 2509 3075 secundum
2543 3020 2789 3073 naturam
2824 3027 3160 3087 permaneat.
3195 3037 3216 3070 ι

1854 3155 1856 3158 μ
1930 3113 2097 3167 Porro
2128 3114 2219 3167 alii
2253 3127 2474 3182 quoque
2520 3111 2744 3181 plurimi
2782 3110 2927 3165 modi
2970 3111 3023 3164 in
3054 3111 3171 3165 suis
3204 3110 3430 3179 dogma-

1860 3204 2005 3258 tibus
2033 3204 2220 3258 inserti
2261 3220 2289 3256 a
2319 3204 2477 3257 nobis
2519 3202 2864 3272 prmtermissi
2893 3210 3041 3270 ειυιι,
3066 3201 3159 3271 qui
3204 3202 3427 3255 univer-

1863 3298 2088 3351 saliorcs
2144 3297 2428 3365 elegimus.
2493 3296 2760 3361 Quoniam
2813 3310 2940 3348 vero
2982 3294 3235 3348 similiter
3283 3294 3427 3361 apud

1861 3392 2004 3458 ipsos
2052 3378 2396 3457 reperiuntur
2455 3394 2511 3440 et
2560 3387 2665 3439 alia
2721 3386 2872 3439 valde
2927 3385 3094 3455 impia
3149 3385 3425 3455 dogmata,

1860 3496 1980 3547 quae
2012 3496 2117 3533 non
2149 3480 2348 3534 cadunt
2402 3479 2454 3532 itt
2513 3478 2886 3532 distinctioois
2932 3478 3144 3541 modos,
3179 3491 3318 3547 opus
3342 3488 3428 3531 est

1859 3588 1926 3627 ex
1951 3573 2083 3641 ipsis
2139 3572 2240 3625 hoc
2295 3573 2415 3625 loco
2455 3571 2667 3637 aliquot
2715 3585 3011 3637 exponere.
3055 3570 3424 3639 Deitatesigi-

1863 3674 1966 3725 tur,
2006 3677 2139 3729 quas
2169 3661 2237 3714 de
2270 3676 2410 3715 novo
2441 3662 2806 3725 constituunt,
2837 3660 3034 3713 alicubi
3074 3659 3237 3713 etiam
3289 3659 3426 3714 deos
3478 3708 3494 3716 -

1861 3751 2151 3819 appellant.
2189 3749 2327 3803 Dicit
2356 3764 2486 3818 ergo
2514 3749 2785 3812 Palamas,
2813 3750 2866 3801 in
2895 3752 3128 3818 quadam
3161 3764 3259 3803 sua
3288 3762 3436 3802 ora»

1863 3846 2028 3905 tione,
2071 3855 2259 3895 carum
2289 3856 2409 3909 qua:
2443 3849 2572 3894 sunt
2601 3840 2668 3893 de
2703 3840 2930 3902 lumine,
2964 3840 3152 3893 volens
3177 3839 3422 3893 divinum
3468 3826 3475 3831 ’

1862 3947 2064 3985 numen
2090 3930 2324 3998 probare
2374 3929 2575 3999 duplex
2623 3944 2791 3985 esse:
2829 3947 2846 3981 ι
2884 3928 3001 3983 Non
3052 3929 3226 3983 solum
3282 3929 3425 3983 Deus

1860 4030 1942 4074 est
1969 4032 2132 4086 supra
2161 4017 2309 4072 entia
2339 4018 2630 4079 assistens,
2664 4018 2879 4071 scilicet
2905 4016 3173 4086 operatio,
3208 4016 3276 4069 de
3314 4032 3421 4085 qua

1862 4106 1962 4178 ipsi
2002 4117 2118 4162 erat
2162 4121 2364 4171 sermo,
2394 4106 2490 4161 sed
2535 4120 2591 4162 et
2618 4106 2938 4177 superdeus,
2988 4122 3167 4176 neque
3211 4114 3421 4160 tantum

1861 4210 2023 4263 supra
2055 4209 2273 4261 omnem
2314 4195 2642 4264 positionem
2664 4204 2769 4260 est,
2803 4195 2899 4250 sed
2925 4207 2981 4249 et
3015 4210 3178 4265 supra
3202 4210 3419 4249 omnem

1862 4285 2304 4348 abstractionem,
2333 4285 2635 4340 eminentia
2666 4286 2743 4338 rei
2792 4284 3107 4341 excedentis
3141 4285 3344 4347 omnia,
3368 4294 3425 4339 et

200 4375 504 4444 γενομένην
539 4376 936 4447 ὑπερϐέϐηκεν.
969 4396 988 4429 ι
1030 4378 1138 4430 Καὶ
1174 4378 1329 4432 πάλιν
1379 4382 1437 4432 ἐν
1479 4380 1555 4450 τῷ
1585 4382 1754 4452 αὐτῷ’

1861 4390 2073 4428 oinnem
2126 4375 2481 4432 eminentiam
2532 4374 3029 4445 quomodocunque
3073 4376 3269 4429 tactam
3328 4390 3423 4428 ex-

204 4484 223 4516 c
260 4466 373 4518 Καὶ
403 4464 710 4519 οὐδ’·έκεῖνο
758 4465 907 4533 παρὰ
946 4466 1044 4533 τῆς
1090 4465 1367 4533 θεολογίας
1396 4472 1648 4538 ἤκουσεν,
1683 4471 1757 4537 ὡς

198 4555 324 4609 ἀντὶ
352 4553 578 4608 πάντων
605 4554 716 4608 τόθ’
755 4555 889 4625 ἡμῖν
920 4556 952 4624 ἡ
977 4555 1093 4609 θεία
1124 4557 1411 4627 γενήσεται
1449 4559 1610 4627 φύσις
1630 4576 1645 4593 ο
1691 4561 1758 4614 ἵν’

202 4642 460 4698 ἐντεῦθεν
484 4643 617 4711 γοῦν
644 4645 779 4697 Θεὸν
809 4642 949 4700 εἶναι
975 4648 1123 4699 τουτὶ
1152 4649 1212 4699 τὸ
1257 4648 1371 4715 φῶς
1404 4650 1689 4722 πιστεύσῃ.
1730 4668 1751 4701 ι

201 4734 312 4785 Καὶ
355 4736 416 4785 ιν
468 4732 547 4802 τῷ
591 4732 668 4803 β’,
716 4733 794 4802 τῷ
828 4736 967 4788 κατὰ
1016 4736 1124 4788 τῶν
1181 4736 1452 4805 δευτέρων
1489 4739 1580 4792 τοῦ
1619 4742 1760 4809 Βαρ-

202 4823 378 4892 λαὰμ,
412 4822 472 4877 ὃν
509 4824 803 4893 ἐπιγράφει
843 4825 1183 4894 Κατάλογος
1215 4824 1332 4879 τῶν
1363 4829 1759 4883 ὲκόαινόντων

201 4916 479 4990 ἀτόπωνο
512 4933 531 4966 ι
570 4917 644 4969 Οὐ
697 4918 805 4986 μὴν
852 4917 966 4970 ἀλλ’
1014 4918 1307 4989 ἐπειδήπερ
1354 4919 1459 4972 elei.
1503 4922 1573 4973 τὰ
1604 4922 1761 4987 μετὲ-

200 5022 371 5074 χοντα
416 5004 510 5058 τοῦ
556 5005 716 5071 Θεοῦ,
768 5009 799 5077 ἠ
847 5008 903 5060 δὲ
942 5008 1260 5077 ὕπερούσιος
1309 5010 1466 5063 οὐσία
1496 5009 1587 5062 τοῦ
1622 5012 1755 5065 Θεοῦ

144 5118 149 5122 ·
200 5095 554 5148 παντάπασιν
606 5097 934 5164 ἀμέθεχτος·
983 5101 1127 5153 ἐστιν
1157 5102 1262 5172 ἄρα
1311 5120 1362 5155 τι
1416 5103 1614 5170 μεταξὺ
1659 5104 1757 5173 τῆς

199 5184 510 5252 ἀμεθέκτου
532 5186 716 5250 οὐσίας
755 5191 849 5240 καὶ
878 5190 985 5242 τῶν
1026 5192 1357 5261 μετεχόντων
1389 5193 1455 5247 δι’
1481 5186 1540 5246 οὗ
1581 5194 1753 5248 ταῦτα

200 5272 293 5325 τοῦ
331 5273 465 5326 Θεοῦ
497 5277 798 5344 μετέχουσι.
836 5297 852 5329 ι
896 5280 1003 5331 Καὶ
1032 5282 1147 5349 μετ’
1177 5282 1355 5347 ὀλίγα·
1398 5301 1416 5332 ι
1447 5283 1536 5337 Δεῖ
1562 5282 1625 5351 δὴ
1658 5284 1756 5353 ζη-

201 5362 317 5413 τεῖν
370 5364 521 5428 ἡμᾶς
577 5365 707 5416 Θεὸν
751 5365 937 5435 ἕτερον
982 5370 1079 5420 οὐκ
1112 5370 1239 5421 ὄντα
1286 5371 1446 5438 μόνον
1473 5373 1752 5441 αὐτοτελῆ,

202 5451 624 5521 αὐτενέργητον,
680 5455 840 5507 αὐτὸν
877 5458 1066 5511 ἑαυτὸν
1115 5461 1181 5512 δι’
1227 5462 1415 5513 ἑαυτοῦ
1465 5462 1755 5531 θεώμενον,

202 5541 340 5593 ἀλλὰ
391 5543 485 5595 καὶ
527 5545 749 5609 ἀγλθὸν.
809 5564 827 5596 t
889 5549 996 5599 Καὶ
1036 5551 1218 5615 πάλιν,
1280 5570 1293 5601 t
1337 5554 1441 5603 Καὶ
1470 5554 1653 5614 ἁπλῶς
1690 5554 1755 5605 δι’

206 5632 353 5702 ἡμᾶς
380 5631 564 5702 ζητεῖν
590 5635 720 5688 Θεὸν
764 5636 904 5689 οὕτω
941 5656 1053 5698 πως
1104 5642 1380 5709 μεθεκτδν,
1411 5637 1469 5694 οὗ
1505 5644 1753 5713 μετέχον-

1863 4467 2026 4534 cepit.
2070 4486 2090 4519 ι
2130 4466 2198 4520 Et
2262 4481 2453 4524 rursus
2498 4466 2555 4518 in
2601 4466 2792 4521 eadem
2840 4467 3137 4525 oratione:
3177 4486 3196 4517 ε
3232 4465 3421 4536 Neque

1859 4559 1989 4613 illuc
2017 4574 2083 4614 ex
2114 4558 2381 4625 theologia
2412 4557 2644 4622 audivit,
2701 4558 2845 4625 quod
2882 4574 2983 4628 pro
3010 4558 3261 4612 omnibus
3290 4566 3421 4611 tunc

1860 4649 2016 4703 nobis
2037 4648 2218 4704 divina
2244 4649 2338 4703 lict
2356 4650 2571 4710 natura,
2604 4659 2663 4705 ut
2689 4649 2819 4702 hinc
2846 4650 3038 4703 saltem
3088 4650 3191 4703 hoc
3232 4649 3440 4704 lumen.

1860 4738 2028 4792 Deum
2066 4754 2188 4794 esse
2241 4738 2449 4794 credat.
2480 4756 2498 4789 ι
2549 4739 2616 4792 Et
2666 4739 2720 4791 in
2753 4739 2995 4815 secunda
3044 4740 3292 4793 oratione
3326 4742 3421 4791 ad-
3466 4726 3469 4729 ’

1858 4846 2050 4886 versus
2085 4846 2149 4885 ea
2202 4842 2320 4894 quae
2371 4828 2612 4885 secundo
2667 4829 2889 4898 scripsit
2946 4830 3211 4892 Barlaam,
3254 4845 3473 4899 quam:-

1859 4922 2133 4990 inscripsit
2159 4935 2173 4972 :
2204 4920 2490 4989 Catalogus
2510 4937 2688 4973 eorum
2709 4937 2823 4989 qua:
2850 4930 3138 4989 sequuntur
3154 4920 3380 4974 absurda
3401 4937 3419 4969 .-

1866 5032 1883 5063 ι
1923 5012 2121 5065 Verum
2182 5010 2327 5064 enim
2386 5026 2515 5063 vero
2555 5010 2771 5077 quando
2816 5010 3038 5078 quidem
3095 5021 3244 5076 sunt,
3295 5028 3417 5081 qua-

1859 5103 2027 5155 Deum
2087 5101 2433 5171 participant,
2481 5100 2785 5153 substantia
2840 5115 2971 5154 vero
3018 5103 3133 5161 Dei.
3172 5112 3294 5171 que
3331 5113 3417 5153 est

1858 5205 2018 5260 supra
2048 5205 2263 5245 omnem
2290 5189 2671 5252 substantiam,
2695 5189 2914 5257 penit'tts
2951 5192 3419 5265 imparticipab'rlis

1857 5290 1959 5343 est,
1990 5281 2151 5334 datur
2171 5295 2301 5348 ergo
2351 5280 2491 5333 inter
2525 5279 2979 5348 imparticipatam
3032 5282 3413 5345 substantiam,
3452 5342 3461 5356 ⁸

1856 5383 1912 5425 et
1945 5387 2009 5424 ea
2038 5385 2157 5437 quae
2193 5369 2535 5438 participant,
2573 5369 2828 5436 quiddam
2861 5372 3101 5426 medium
3140 5388 3236 5439 per
3267 5374 3413 5440 quod

1857 5476 1921 5515 ea
1958 5462 2125 5515 Deum
2157 5460 2502 5529 participant.
2541 5474 2560 5508 ι
2596 5458 2663 5511 Ει
2698 5461 2857 5528 paulo
2896 5472 3020 5530 post
3049 5481 3063 5516 :
3100 5483 3118 5513 ι
3151 5464 3302 5531 Opus
3329 5469 3417 5515 est

1860 5552 2020 5618 igitur
2058 5564 2167 5603 'nos
2226 5548 2389 5602 alium
2457 5547 2621 5601 Deum
2680 5563 2967 5617 quaerere,
3036 5566 3144 5604 non
3198 5560 3409 5603 tantum

1860 5643 2207 5697 cxsistcntem
2241 5655 2333 5709 per
2385 5653 2441 5692 se
2484 5637 2807 5708 perfectum,
2845 5658 2938 5711 per
2960 5658 3017 5696 sc
3049 5644 3408 5714 Operativum,
