  <div class='ocr_page' id='page_1' title='image "/cluster/home/n/w/nwhite01/storage/ocr_20150623/154/pst.000005714742/509.png"; bbox 0 0 4126 6322; ppageno 0'>
   <div class='ocr_carea' id='block_1_1' title="bbox 658 371 765 433">
    <p class='ocr_par' dir='ltr' id='par_1_1' title="bbox 658 371 765 433">
     <span class='ocr_line' id='line_1_1' title="bbox 658 371 765 433; baseline 0.037 -4"><span class='ocrx_word' id='word_1_1' title='bbox 658 371 765 433; x_wconf 68' lang='lat'><strong>85.9</strong></span> 
     </span>
    </p>
   </div>
   <div class='ocr_carea' id='block_1_2' title="bbox 1904 368 2632 434">
    <p class='ocr_par' dir='ltr' id='par_1_2' title="bbox 1904 368 2632 434">
     <span class='ocr_line' id='line_1_2' title="bbox 1904 368 2632 434; baseline -0.003 0"><span class='ocrx_word' id='word_1_2' title='bbox 1904 371 2280 434; x_wconf 79' lang='lat' dir='ltr'><strong>DEMETRII</strong></span> <span class='ocrx_word' id='word_1_3' title='bbox 2322 368 2632 434; x_wconf 77' lang='lat' dir='ltr'><strong>CYDONH</strong></span> 
     </span>
    </p>
   </div>
   <div class='ocr_carea' id='block_1_3' title="bbox 3755 363 3867 428">
    <p class='ocr_par' dir='ltr' id='par_1_3' title="bbox 3755 363 3867 428">
     <span class='ocr_line' id='line_1_3' title="bbox 3755 363 3867 428; baseline 0.027 -3"><span class='ocrx_word' id='word_1_4' title='bbox 3755 363 3867 428; x_wconf 82' lang='lat'><strong>860</strong></span> 
     </span>
    </p>
   </div>
   <div class='ocr_carea' id='block_1_4' title="bbox 662 477 2243 556">
    <p class='ocr_par' dir='ltr' id='par_1_4' title="bbox 662 477 2217 549">
     <span class='ocr_line' id='line_1_4' title="bbox 662 477 2217 549; baseline 0.003 -19"><span class='ocrx_word' id='word_1_5' title='bbox 662 477 1011 546; x_wconf 81' lang='lat' dir='ltr'><strong>operationes</strong></span> <span class='ocrx_word' id='word_1_6' title='bbox 1052 480 1361 535; x_wconf 75' lang='lat' dir='ltr'><strong>alternatim</strong></span> <span class='ocrx_word' id='word_1_7' title='bbox 1411 493 1468 537; x_wconf 85' lang='lat' dir='ltr'><strong>se</strong></span> <span class='ocrx_word' id='word_1_8' title='bbox 1494 480 1697 535; x_wconf 84' lang='lat' dir='ltr'><strong>habent</strong></span> <span class='ocrx_word' id='word_1_9' title='bbox 1751 495 2015 549; x_wconf 66' lang='lat' dir='ltr'><strong>personae.</strong></span> <span class='ocrx_word' id='word_1_10' title='bbox 2044 484 2217 549; x_wconf 82' lang='lat' dir='ltr'><strong>Atque</strong></span> 
     </span>
    </p>
   </div>
   <div class='ocr_carea' id='block_1_5' title="bbox 2349 477 3893 556">
    <p class='ocr_par' dir='ltr' id='par_1_5' title="bbox 2351 478 3893 556">
     <span class='ocr_line' id='line_1_5' title="bbox 2351 478 3893 556; baseline -0.005 -20"><span class='ocrx_word' id='word_1_11' title='bbox 2351 484 2547 549; x_wconf 81' lang='grc' dir='ltr'>ναλλὰξ</span> <span class='ocrx_word' id='word_1_12' title='bbox 2564 486 2742 556; x_wconf 75' lang='grc' dir='ltr'>ἔχουσι</span> <span class='ocrx_word' id='word_1_13' title='bbox 2765 484 2832 538; x_wconf 86' lang='grc' dir='ltr'><strong>τα</strong></span> <span class='ocrx_word' id='word_1_14' title='bbox 2860 498 3145 553; x_wconf 84' lang='grc' dir='ltr'>προσωπα.</span> <span class='ocrx_word' id='word_1_15' title='bbox 3167 480 3272 534; x_wconf 81' lang='grc' dir='ltr'>Καί</span> <span class='ocrx_word' id='word_1_16' title='bbox 3298 496 3461 549; x_wconf 85' lang='grc' dir='ltr'>φησιν</span> <span class='ocrx_word' id='word_1_17' title='bbox 3489 480 3517 531; x_wconf 81' lang='grc' dir='ltr'>ὁ</span> <span class='ocrx_word' id='word_1_18' title='bbox 3549 478 3812 547; x_wconf 58' lang='lat' dir='ltr'><strong>“alapa;</strong></span> <span class='ocrx_word' id='word_1_19' title='bbox 3832 478 3893 529; x_wconf 75' lang='grc' dir='ltr'><strong>ἐν</strong></span> 
     </span>
    </p>
   </div>
   <div class='ocr_carea' id='block_1_6' title="bbox 660 568 2223 639">
    <p class='ocr_par' dir='ltr' id='par_1_6' title="bbox 660 568 2223 639">
     <span class='ocr_line' id='line_1_6' title="bbox 660 568 2223 639; baseline -0.001 -17"><span class='ocrx_word' id='word_1_20' title='bbox 660 569 852 622; x_wconf 85' lang='lat' dir='ltr'><strong>asserit</strong></span> <span class='ocrx_word' id='word_1_21' title='bbox 924 569 1168 623; x_wconf 66' lang='lat' dir='ltr'><strong>Palamas</strong></span> <span class='ocrx_word' id='word_1_22' title='bbox 1239 570 1293 622; x_wconf 91' lang='lat' dir='ltr'><strong>in</strong></span> <span class='ocrx_word' id='word_1_23' title='bbox 1342 573 1623 633; x_wconf 87' lang='lat' dir='ltr'><strong>oratione,</strong></span> <span class='ocrx_word' id='word_1_24' title='bbox 1675 585 1835 638; x_wconf 89' lang='lat' dir='ltr'><strong>quam</strong></span> <span class='ocrx_word' id='word_1_25' title='bbox 1890 570 2107 639; x_wconf 89' lang='lat' dir='ltr'><strong>scripsit</strong></span> <span class='ocrx_word' id='word_1_26' title='bbox 2154 568 2223 622; x_wconf 85' lang='lat' dir='ltr'><strong>ad</strong></span> 
     </span>
    </p>
   </div>
   <div class='ocr_carea' id='block_1_7' title="bbox 662 658 2226 735">
    <p class='ocr_par' dir='ltr' id='par_1_7' title="bbox 662 658 2226 735">
     <span class='ocr_line' id='line_1_7' title="bbox 662 658 2226 735; baseline 0.003 -25"><span class='ocrx_word' id='word_1_27' title='bbox 662 658 898 712; x_wconf 78' lang='lat' dir='ltr'><strong>Paulum</strong></span> <span class='ocrx_word' id='word_1_28' title='bbox 947 660 1091 713; x_wconf 77' lang='lat' dir='ltr'><strong>Asan</strong></span> <span class='ocrx_word' id='word_1_29' title='bbox 1118 677 1136 714; x_wconf 92' lang='lat'><strong><em>:</em></strong></span> <span class='ocrx_word' id='word_1_30' title='bbox 1174 679 1193 711; x_wconf 79' lang='grc' dir='ltr'><strong>ι</strong></span> <span class='ocrx_word' id='word_1_31' title='bbox 1233 660 1462 735; x_wconf 85' lang='lat' dir='ltr'><strong>Quando</strong></span> <span class='ocrx_word' id='word_1_32' title='bbox 1510 660 1755 715; x_wconf 70' lang='lat' dir='ltr'><strong>(ﬁvinum</strong></span> <span class='ocrx_word' id='word_1_33' title='bbox 1796 676 1996 715; x_wconf 88' lang='lat' dir='ltr'><strong>numen</strong></span> <span class='ocrx_word' id='word_1_34' title='bbox 2028 659 2226 714; x_wconf 83' lang='lat' dir='ltr'><strong>dividi-</strong></span> 
     </span>
    </p>
   </div>
   <div class='ocr_carea' id='block_1_8' title="bbox 665 751 2226 820">
    <p class='ocr_par' dir='ltr' id='par_1_8' title="bbox 665 751 2226 820">
     <span class='ocr_line' id='line_1_8' title="bbox 665 751 2226 820; baseline 0.003 -19"><span class='ocrx_word' id='word_1_35' title='bbox 665 761 755 802; x_wconf 91' lang='lat' dir='ltr'><strong>tur</strong></span> <span class='ocrx_word' id='word_1_36' title='bbox 786 751 1087 803; x_wconf 71' lang='lat' dir='ltr'><strong>secundum</strong></span> <span class='ocrx_word' id='word_1_37' title='bbox 1139 752 1483 820; x_wconf 86' lang='lat' dir='ltr'><strong>bypostases,</strong></span> <span class='ocrx_word' id='word_1_38' title='bbox 1525 752 2017 807; x_wconf 87' lang='lat' dir='ltr'><strong>indivisibilitatem</strong></span> <span class='ocrx_word' id='word_1_39' title='bbox 2058 751 2226 805; x_wconf 83' lang='lat' dir='ltr'><strong>habet</strong></span> 
     </span>
    </p>
   </div>
   <div class='ocr_carea' id='block_1_9' title="bbox 662 842 2214 913">
    <p class='ocr_par' dir='ltr' id='par_1_9' title="bbox 662 842 2214 913">
     <span class='ocr_line' id='line_1_9' title="bbox 662 842 2214 913; baseline 0.001 -20"><span class='ocrx_word' id='word_1_40' title='bbox 662 842 961 896; x_wconf 81' lang='lat' dir='ltr'><strong>secundum</strong></span> <span class='ocrx_word' id='word_1_41' title='bbox 995 842 1370 910; x_wconf 72' lang='lat' dir='ltr'><strong>operatiunt-s;</strong></span> <span class='ocrx_word' id='word_1_42' title='bbox 1399 844 1614 913; x_wconf 82' lang='lat' dir='ltr'><strong>quando</strong></span> <span class='ocrx_word' id='word_1_43' title='bbox 1633 858 1763 897; x_wconf 89' lang='lat' dir='ltr'><strong>vero</strong></span> <span class='ocrx_word' id='word_1_44' title='bbox 1786 842 2084 896; x_wconf 83' lang='lat' dir='ltr'><strong>secundum</strong></span> <span class='ocrx_word' id='word_1_45' title='bbox 2117 856 2214 910; x_wconf 89' lang='lat' dir='ltr'><strong>po-</strong></span> 
     </span>
    </p>
   </div>
   <div class='ocr_carea' id='block_1_10' title="bbox 667 930 2228 1001">
    <p class='ocr_par' dir='ltr' id='par_1_10' title="bbox 667 930 2228 1001">
     <span class='ocr_line' id='line_1_10' title="bbox 667 930 2228 1001; baseline 0 -18"><span class='ocrx_word' id='word_1_46' title='bbox 667 934 864 985; x_wconf 90' lang='lat' dir='ltr'><strong>tentias</strong></span> <span class='ocrx_word' id='word_1_47' title='bbox 905 942 959 985; x_wconf 89' lang='lat' dir='ltr'><strong>et</strong></span> <span class='ocrx_word' id='word_1_48' title='bbox 1005 932 1349 1001; x_wconf 82' lang='lat' dir='ltr'><strong>operatioues</strong></span> <span class='ocrx_word' id='word_1_49' title='bbox 1393 932 1677 990; x_wconf 77' lang='lat' dir='ltr'><strong>dividitur.</strong></span> <span class='ocrx_word' id='word_1_50' title='bbox 1747 930 2075 984; x_wconf 81' lang='lat' dir='ltr'><strong>indivisibile</strong></span> <span class='ocrx_word' id='word_1_51' title='bbox 2116 944 2228 983; x_wconf 80' lang='lat' dir='ltr'><strong>ma-</strong></span> 
     </span>
    </p>
   </div>
   <div class='ocr_carea' id='block_1_11' title="bbox 673 1021 2223 1091">
    <p class='ocr_par' dir='ltr' id='par_1_11' title="bbox 673 1021 2223 1091">
     <span class='ocr_line' id='line_1_11' title="bbox 673 1021 2223 1091; baseline 0.001 -17"><span class='ocrx_word' id='word_1_52' title='bbox 673 1031 764 1074; x_wconf 89' lang='lat' dir='ltr'><strong>net</strong></span> <span class='ocrx_word' id='word_1_53' title='bbox 799 1021 1098 1075; x_wconf 88' lang='lat' dir='ltr'><strong>secundum</strong></span> <span class='ocrx_word' id='word_1_54' title='bbox 1139 1023 1475 1091; x_wconf 86' lang='lat' dir='ltr'><strong>bypostases.</strong></span> <span class='ocrx_word' id='word_1_55' title='bbox 1514 1041 1531 1073; x_wconf 75' lang='grc' dir='ltr'><strong>ι</strong></span> <span class='ocrx_word' id='word_1_56' title='bbox 1588 1021 1655 1075; x_wconf 84' lang='grc' dir='ltr'>Ει</span> <span class='ocrx_word' id='word_1_57' title='bbox 1710 1022 1764 1074; x_wconf 86' lang='grc' dir='ltr'>ἱη</span> <span class='ocrx_word' id='word_1_58' title='bbox 1793 1022 1894 1075; x_wconf 88' lang='lat' dir='ltr'><strong>alia</strong></span> <span class='ocrx_word' id='word_1_59' title='bbox 1934 1022 2181 1075; x_wconf 88' lang='lat' dir='ltr'><strong>oratione</strong></span> <span class='ocrx_word' id='word_1_60' title='bbox 2208 1058 2223 1083; x_wconf 90' lang='lat'><strong>,</strong></span> 
     </span>
    </p>
   </div>
   <div class='ocr_carea' id='block_1_12' title="bbox 670 1111 2227 1180">
    <p class='ocr_par' dir='ltr' id='par_1_12' title="bbox 670 1111 2227 1180">
     <span class='ocr_line' id='line_1_12' title="bbox 670 1111 2227 1180; baseline 0 -17"><span class='ocrx_word' id='word_1_61' title='bbox 670 1113 827 1180; x_wconf 75' lang='lat' dir='ltr'><strong>t-ujus</strong></span> <span class='ocrx_word' id='word_1_62' title='bbox 893 1113 1145 1165; x_wconf 89' lang='lat' dir='ltr'><strong>initium:</strong></span> <span class='ocrx_word' id='word_1_63' title='bbox 1188 1112 1373 1164; x_wconf 79' lang='lat' dir='ltr'><strong>Merito</strong></span> <span class='ocrx_word' id='word_1_64' title='bbox 1414 1114 1577 1180; x_wconf 79' lang='lat' dir='ltr'><strong>igitur</strong></span> <span class='ocrx_word' id='word_1_65' title='bbox 1620 1114 1787 1164; x_wconf 82' lang='lat' dir='ltr'><strong>oratio</strong></span> <span class='ocrx_word' id='word_1_66' title='bbox 1834 1126 1852 1163; x_wconf 91' lang='lat'><strong><em>:</em></strong></span> <span class='ocrx_word' id='word_1_67' title='bbox 1890 1130 1907 1161; x_wconf 82' lang='grc' dir='ltr'><strong>ι</strong></span> <span class='ocrx_word' id='word_1_68' title='bbox 1962 1111 2227 1176; x_wconf 85' lang='lat' dir='ltr'><strong>Quoniam</strong></span> 
     </span>
    </p>
   </div>
   <div class='ocr_carea' id='block_1_13' title="bbox 668 1202 2232 1271">
    <p class='ocr_par' dir='ltr' id='par_1_13' title="bbox 668 1202 2232 1271">
     <span class='ocr_line' id='line_1_13' title="bbox 668 1202 2232 1271; baseline -0.001 -14"><span class='ocrx_word' id='word_1_69' title='bbox 668 1203 813 1257; x_wconf 68' lang='lat' dir='ltr'><strong>enim</strong></span> <span class='ocrx_word' id='word_1_70' title='bbox 845 1202 1144 1259; x_wconf 86' lang='lat' dir='ltr'><strong>secundum</strong></span> <span class='ocrx_word' id='word_1_71' title='bbox 1179 1203 1505 1271; x_wconf 79' lang='lat' dir='ltr'><strong>hypostases</strong></span> <span class='ocrx_word' id='word_1_72' title='bbox 1554 1212 1608 1255; x_wconf 88' lang='lat' dir='ltr'><strong>et</strong></span> <span class='ocrx_word' id='word_1_73' title='bbox 1637 1203 1988 1269; x_wconf 83' lang='lat' dir='ltr'><strong>operationes</strong></span> <span class='ocrx_word' id='word_1_74' title='bbox 2020 1202 2232 1255; x_wconf 83' lang='lat' dir='ltr'><strong>Numen</strong></span> 
     </span>
    </p>
   </div>
   <div class='ocr_carea' id='block_1_14' title="bbox 671 1292 2231 1359">
    <p class='ocr_par' dir='ltr' id='par_1_14' title="bbox 671 1292 2231 1359">
     <span class='ocr_line' id='line_1_14' title="bbox 671 1292 2231 1359; baseline 0 -14"><span class='ocrx_word' id='word_1_75' title='bbox 671 1292 916 1345; x_wconf 83' lang='lat' dir='ltr'><strong>divinum</strong></span> <span class='ocrx_word' id='word_1_76' title='bbox 943 1293 1318 1359; x_wconf 76' lang='lat' dir='ltr'><strong>distinguitur,</strong></span> <span class='ocrx_word' id='word_1_77' title='bbox 1346 1293 1642 1347; x_wconf 82' lang='lat' dir='ltr'><strong>diversitas</strong></span> <span class='ocrx_word' id='word_1_78' title='bbox 1672 1292 1972 1346; x_wconf 89' lang='lat' dir='ltr'><strong>secundum</strong></span> <span class='ocrx_word' id='word_1_79' title='bbox 2004 1292 2231 1346; x_wconf 79' lang='lat' dir='ltr'><strong>alteram</strong></span> 
     </span>
    </p>
   </div>
   <div class='ocr_carea' id='block_1_15' title="bbox 672 1381 2235 1446">
    <p class='ocr_par' dir='ltr' id='par_1_15' title="bbox 672 1381 2235 1446">
     <span class='ocr_line' id='line_1_15' title="bbox 672 1381 2235 1446; baseline 0.001 -11"><span class='ocrx_word' id='word_1_80' title='bbox 672 1381 1087 1435; x_wconf 83' lang='lat' dir='ltr'><strong>distinctionem</strong></span> <span class='ocrx_word' id='word_1_81' title='bbox 1120 1384 1383 1446; x_wconf 83' lang='lat' dir='ltr'><strong>cernitur,</strong></span> <span class='ocrx_word' id='word_1_82' title='bbox 1410 1398 1531 1435; x_wconf 87' lang='lat' dir='ltr'><strong>cum</strong></span> <span class='ocrx_word' id='word_1_83' title='bbox 1566 1382 1872 1435; x_wconf 83' lang='lat' dir='ltr'><strong>alternatim</strong></span> <span class='ocrx_word' id='word_1_84' title='bbox 1904 1383 1970 1435; x_wconf 85' lang='lat' dir='ltr'><strong>ad</strong></span> <span class='ocrx_word' id='word_1_85' title='bbox 2002 1383 2235 1437; x_wconf 83' lang='lat' dir='ltr'><strong>invicem</strong></span> 
     </span>
    </p>
   </div>
   <div class='ocr_carea' id='block_1_16' title="bbox 676 1460 2235 1537">
    <p class='ocr_par' dir='ltr' id='par_1_16' title="bbox 676 1460 2235 1537">
     <span class='ocr_line' id='line_1_16' title="bbox 676 1460 2235 1537; baseline 0.003 -19"><span class='ocrx_word' id='word_1_86' title='bbox 676 1482 735 1518; x_wconf 84' lang='lat' dir='ltr'><strong>se</strong></span> <span class='ocrx_word' id='word_1_87' title='bbox 785 1466 1042 1519; x_wconf 86' lang='lat' dir='ltr'><strong>habeant.</strong></span> <span class='ocrx_word' id='word_1_88' title='bbox 1090 1466 1223 1519; x_wconf 88' lang='lat' dir='ltr'><strong>Nam</strong></span> <span class='ocrx_word' id='word_1_89' title='bbox 1258 1460 1567 1521; x_wconf 62' lang='lat' dir='ltr'><strong>divinarum</strong></span> <span class='ocrx_word' id='word_1_90' title='bbox 1613 1468 1972 1535; x_wconf 80' lang='lat' dir='ltr'><strong>bypostaseon</strong></span> <span class='ocrx_word' id='word_1_91' title='bbox 2017 1469 2235 1537; x_wconf 87' lang='lat' dir='ltr'><strong>propria</strong></span> 
     </span>
    </p>
   </div>
   <div class='ocr_carea' id='block_1_17' title="bbox 680 1556 2238 1625">
    <p class='ocr_par' dir='ltr' id='par_1_17' title="bbox 680 1556 2238 1625">
     <span class='ocr_line' id='line_1_17' title="bbox 680 1556 2238 1625; baseline 0.003 -18"><span class='ocrx_word' id='word_1_92' title='bbox 680 1556 904 1607; x_wconf 87' lang='lat' dir='ltr'><strong>nomina</strong></span> <span class='ocrx_word' id='word_1_93' title='bbox 940 1563 1069 1608; x_wconf 89' lang='lat' dir='ltr'><strong>sunt</strong></span> <span class='ocrx_word' id='word_1_94' title='bbox 1110 1556 1426 1608; x_wconf 89' lang='lat' dir='ltr'><strong>communia</strong></span> <span class='ocrx_word' id='word_1_95' title='bbox 1474 1556 2079 1625; x_wconf 66' lang='lat' dir='ltr'><strong>Operationibus,’quse</strong></span> <span class='ocrx_word' id='word_1_96' title='bbox 2109 1573 2238 1611; x_wconf 78' lang='lat' dir='ltr'><strong>vero</strong></span> 
     </span>
    </p>
   </div>
   <div class='ocr_carea' id='block_1_18' title="bbox 676 1646 2239 1717">
    <p class='ocr_par' dir='ltr' id='par_1_18' title="bbox 676 1646 2239 1717">
     <span class='ocr_line' id='line_1_18' title="bbox 676 1646 2239 1717; baseline 0.005 -20"><span class='ocrx_word' id='word_1_97' title='bbox 676 1654 809 1697; x_wconf 85' lang='lat' dir='ltr'><strong>sunt</strong></span> <span class='ocrx_word' id='word_1_98' title='bbox 838 1646 1152 1698; x_wconf 87' lang='lat' dir='ltr'><strong>communia</strong></span> <span class='ocrx_word' id='word_1_99' title='bbox 1187 1647 1592 1715; x_wconf 78' lang='lat' dir='ltr'><strong>li‘ypostasibus,</strong></span> <span class='ocrx_word' id='word_1_100' title='bbox 1623 1646 1932 1700; x_wconf 88' lang='lat' dir='ltr'><strong>divinarum</strong></span> <span class='ocrx_word' id='word_1_101' title='bbox 1966 1650 2239 1717; x_wconf 84' lang='lat' dir='ltr'><strong>Operatio-</strong></span> 
     </span>
    </p>
   </div>
   <div class='ocr_carea' id='block_1_19' title="bbox 676 1734 1308 1804">
    <p class='ocr_par' dir='ltr' id='par_1_19' title="bbox 676 1734 1308 1804">
     <span class='ocr_line' id='line_1_19' title="bbox 676 1734 1308 1804; baseline 0 -18"><span class='ocrx_word' id='word_1_102' title='bbox 676 1750 807 1787; x_wconf 91' lang='lat' dir='ltr'><strong>num</strong></span> <span class='ocrx_word' id='word_1_103' title='bbox 838 1734 976 1787; x_wconf 81' lang='lat' dir='ltr'><strong>ﬁunt</strong></span> <span class='ocrx_word' id='word_1_104' title='bbox 1010 1736 1250 1804; x_wconf 89' lang='lat' dir='ltr'><strong>propria.</strong></span> <span class='ocrx_word' id='word_1_105' title='bbox 1291 1755 1308 1786; x_wconf 82' lang='grc'>›</span> 
     </span>
    </p>
   </div>
   <div class='ocr_carea' id='block_1_20' title="bbox 751 1825 2235 1901">
    <p class='ocr_par' dir='ltr' id='par_1_20' title="bbox 751 1825 2235 1901">
     <span class='ocr_line' id='line_1_20' title="bbox 751 1825 2235 1901; baseline 0.007 -24"><span class='ocrx_word' id='word_1_106' title='bbox 751 1825 1017 1901; x_wconf 66' lang='grc' dir='ltr'>Ρι-ωιετειι</span> <span class='ocrx_word' id='word_1_107' title='bbox 1055 1826 1445 1894; x_wconf 84' lang='lat' dir='ltr'><strong>dogmatizant,</strong></span> <span class='ocrx_word' id='word_1_108' title='bbox 1479 1844 1586 1882; x_wconf 79' lang='lat' dir='ltr'><strong>nun</strong></span> <span class='ocrx_word' id='word_1_109' title='bbox 1630 1830 1881 1886; x_wconf 83' lang='lat' dir='ltr'><strong>suﬂicere</strong></span> <span class='ocrx_word' id='word_1_110' title='bbox 1910 1834 2003 1885; x_wconf 91' lang='lat' dir='ltr'><strong>uni</strong></span> <span class='ocrx_word' id='word_1_111' title='bbox 2035 1832 2235 1887; x_wconf 85' lang='lat' dir='ltr'><strong>Deitati</strong></span> 
     </span>
    </p>
   </div>
   <div class='ocr_carea' id='block_1_21' title="bbox 682 1917 2238 1990">
    <p class='ocr_par' dir='ltr' id='par_1_21' title="bbox 682 1917 2238 1990">
     <span class='ocr_line' id='line_1_21' title="bbox 682 1917 2238 1990; baseline 0.005 -21"><span class='ocrx_word' id='word_1_112' title='bbox 682 1917 845 1969; x_wconf 89' lang='lat' dir='ltr'><strong>trium</strong></span> <span class='ocrx_word' id='word_1_113' title='bbox 870 1932 1225 1985; x_wconf 84' lang='lat' dir='ltr'><strong>personarum</strong></span> <span class='ocrx_word' id='word_1_114' title='bbox 1259 1922 1585 1986; x_wconf 71' lang='lat' dir='ltr'><strong>potentiam?</strong></span> <span class='ocrx_word' id='word_1_115' title='bbox 1612 1931 1666 1975; x_wconf 87' lang='lat' dir='ltr'><strong>et</strong></span> <span class='ocrx_word' id='word_1_116' title='bbox 1701 1922 2074 1990; x_wconf 84' lang='lat' dir='ltr'><strong>operationem</strong></span> <span class='ocrx_word' id='word_1_117' title='bbox 2115 1937 2238 1977; x_wconf 87' lang='lat' dir='ltr'><strong>esse</strong></span> 
     </span>
    </p>
   </div>
   <div class='ocr_carea' id='block_1_22' title="bbox 681 2009 2235 2079">
    <p class='ocr_par' dir='ltr' id='par_1_22' title="bbox 681 2009 2235 2079">
     <span class='ocr_line' id='line_1_22' title="bbox 681 2009 2235 2079; baseline 0.005 -20"><span class='ocrx_word' id='word_1_118' title='bbox 681 2022 781 2075; x_wconf 82' lang='lat' dir='ltr'><strong>per</strong></span> <span class='ocrx_word' id='word_1_119' title='bbox 832 2024 889 2061; x_wconf 88' lang='lat' dir='ltr'><strong>se</strong></span> <span class='ocrx_word' id='word_1_120' title='bbox 920 2009 1294 2073; x_wconf 78' lang='lat' dir='ltr'><strong>exsistentem,</strong></span> <span class='ocrx_word' id='word_1_121' title='bbox 1339 2021 1392 2063; x_wconf 90' lang='lat' dir='ltr'><strong>et</strong></span> <span class='ocrx_word' id='word_1_122' title='bbox 1441 2026 1538 2079; x_wconf 88' lang='lat' dir='ltr'><strong>per</strong></span> <span class='ocrx_word' id='word_1_123' title='bbox 1582 2026 1643 2065; x_wconf 87' lang='lat' dir='ltr'><strong>se</strong></span> <span class='ocrx_word' id='word_1_124' title='bbox 1699 2013 2104 2074; x_wconf 86' lang='lat' dir='ltr'><strong>subsistentem,</strong></span> <span class='ocrx_word' id='word_1_125' title='bbox 2141 2012 2235 2066; x_wconf 88' lang='lat' dir='ltr'><strong>sed</strong></span> 
     </span>
    </p>
   </div>
   <div class='ocr_carea' id='block_1_23' title="bbox 684 2098 2241 2176">
    <p class='ocr_par' dir='ltr' id='par_1_23' title="bbox 684 2098 2241 2176">
     <span class='ocr_line' id='line_1_23' title="bbox 684 2098 2241 2176; baseline 0.004 -26"><span class='ocrx_word' id='word_1_126' title='bbox 684 2108 825 2165; x_wconf 85' lang='lat' dir='ltr'><strong>opus</strong></span> <span class='ocrx_word' id='word_1_127' title='bbox 856 2099 1021 2152; x_wconf 86' lang='lat' dir='ltr'><strong>etiam</strong></span> <span class='ocrx_word' id='word_1_128' title='bbox 1053 2098 1130 2151; x_wconf 91' lang='lat' dir='ltr'><strong>illi</strong></span> <span class='ocrx_word' id='word_1_129' title='bbox 1165 2115 1285 2153; x_wconf 88' lang='lat' dir='ltr'><strong>esse</strong></span> <span class='ocrx_word' id='word_1_130' title='bbox 1326 2101 1485 2176; x_wconf 79' lang='lat' dir='ltr'><strong>aliam</strong></span> <span class='ocrx_word' id='word_1_131' title='bbox 1527 2118 1743 2171; x_wconf 88' lang='lat' dir='ltr'><strong>quoque</strong></span> <span class='ocrx_word' id='word_1_132' title='bbox 1784 2117 1893 2156; x_wconf 88' lang='lat' dir='ltr'><strong>non</strong></span> <span class='ocrx_word' id='word_1_133' title='bbox 1939 2101 2241 2157; x_wconf 81' lang='lat' dir='ltr'><strong>subsisten-</strong></span> 
     </span>
    </p>
   </div>
   <div class='ocr_carea' id='block_1_24' title="bbox 681 2190 2238 2261">
    <p class='ocr_par' dir='ltr' id='par_1_24' title="bbox 681 2190 2238 2261">
     <span class='ocr_line' id='line_1_24' title="bbox 681 2190 2238 2261; baseline 0.003 -20"><span class='ocrx_word' id='word_1_134' title='bbox 681 2195 815 2251; x_wconf 82' lang='lat' dir='ltr'><strong>tem.</strong></span> <span class='ocrx_word' id='word_1_135' title='bbox 848 2198 903 2242; x_wconf 89' lang='lat' dir='ltr'><strong>et</strong></span> <span class='ocrx_word' id='word_1_136' title='bbox 946 2190 1139 2243; x_wconf 75' lang='lat' dir='ltr'><strong>asserit</strong></span> <span class='ocrx_word' id='word_1_137' title='bbox 1184 2190 1430 2245; x_wconf 77' lang='lat' dir='ltr'><strong>Palamas</strong></span> <span class='ocrx_word' id='word_1_138' title='bbox 1462 2191 1516 2243; x_wconf 94' lang='lat' dir='ltr'><strong>in</strong></span> <span class='ocrx_word' id='word_1_139' title='bbox 1572 2208 1681 2245; x_wconf 90' lang='lat' dir='ltr'><strong>uno</strong></span> <span class='ocrx_word' id='word_1_140' title='bbox 1728 2208 1794 2245; x_wconf 73' lang='lat' dir='ltr'><strong>ex</strong></span> <span class='ocrx_word' id='word_1_141' title='bbox 1831 2192 1946 2247; x_wconf 91' lang='lat' dir='ltr'><strong>suis</strong></span> <span class='ocrx_word' id='word_1_142' title='bbox 1972 2191 2238 2261; x_wconf 76' lang='lat' dir='ltr'><strong>dialogis:</strong></span> 
     </span>
    </p>
   </div>
   <div class='ocr_carea' id='block_1_25' title="bbox 689 2278 2242 2351">
    <p class='ocr_par' dir='ltr' id='par_1_25' title="bbox 689 2278 2242 2351">
     <span class='ocr_line' id='line_1_25' title="bbox 689 2278 2242 2351; baseline 0.003 -21"><span class='ocrx_word' id='word_1_143' title='bbox 689 2296 708 2329; x_wconf 78' lang='grc' dir='ltr'><strong>ι</strong></span> <span class='ocrx_word' id='word_1_144' title='bbox 749 2278 906 2331; x_wconf 85' lang='lat' dir='ltr'><strong>Pater</strong></span> <span class='ocrx_word' id='word_1_145' title='bbox 936 2280 1157 2348; x_wconf 80' lang='lat' dir='ltr'><strong>quidem</strong></span> <span class='ocrx_word' id='word_1_146' title='bbox 1211 2280 1379 2335; x_wconf 85' lang='lat' dir='ltr'><strong>habet</strong></span> <span class='ocrx_word' id='word_1_147' title='bbox 1406 2281 1624 2343; x_wconf 81' lang='lat' dir='ltr'><strong>Filium,</strong></span> <span class='ocrx_word' id='word_1_148' title='bbox 1669 2283 2016 2349; x_wconf 84' lang='lat' dir='ltr'><strong>sapientiam,</strong></span> <span class='ocrx_word' id='word_1_149' title='bbox 2056 2290 2111 2337; x_wconf 84' lang='lat' dir='ltr'><strong>et</strong></span> <span class='ocrx_word' id='word_1_150' title='bbox 2151 2297 2242 2351; x_wconf 86' lang='lat' dir='ltr'><strong>po-</strong></span> 
     </span>
    </p>
   </div>
   <div class='ocr_carea' id='block_1_26' title="bbox 681 2369 2239 2441">
    <p class='ocr_par' dir='ltr' id='par_1_26' title="bbox 681 2369 2239 2441">
     <span class='ocr_line' id='line_1_26' title="bbox 681 2369 2239 2441; baseline 0.003 -19"><span class='ocrx_word' id='word_1_151' title='bbox 681 2369 930 2434; x_wconf 85' lang='lat' dir='ltr'><strong>tentiam,</strong></span> <span class='ocrx_word' id='word_1_152' title='bbox 955 2382 1120 2438; x_wconf 90' lang='lat' dir='ltr'><strong>alque</strong></span> <span class='ocrx_word' id='word_1_153' title='bbox 1145 2371 1306 2424; x_wconf 87' lang='lat' dir='ltr'><strong>vitam</strong></span> <span class='ocrx_word' id='word_1_154' title='bbox 1334 2380 1391 2425; x_wconf 92' lang='lat' dir='ltr'><strong>et</strong></span> <span class='ocrx_word' id='word_1_155' title='bbox 1420 2373 1797 2441; x_wconf 89' lang='lat' dir='ltr'><strong>operationem</strong></span> <span class='ocrx_word' id='word_1_156' title='bbox 1828 2373 2239 2427; x_wconf 87' lang='lat' dir='ltr'><strong>substantialem</strong></span> 
     </span>
    </p>
   </div>
   <div class='ocr_carea' id='block_1_27' title="bbox 680 2460 2239 2531">
    <p class='ocr_par' dir='ltr' id='par_1_27' title="bbox 680 2460 2239 2531">
     <span class='ocr_line' id='line_1_27' title="bbox 680 2460 2239 2531; baseline 0.004 -19"><span class='ocrx_word' id='word_1_157' title='bbox 680 2468 735 2513; x_wconf 89' lang='lat' dir='ltr'><strong>et</strong></span> <span class='ocrx_word' id='word_1_158' title='bbox 762 2460 1062 2514; x_wconf 89' lang='lat' dir='ltr'><strong>naturalem</strong></span> <span class='ocrx_word' id='word_1_159' title='bbox 1088 2478 1101 2526; x_wconf 90' lang='lat'><strong>;</strong></span> <span class='ocrx_word' id='word_1_160' title='bbox 1135 2461 1305 2515; x_wconf 86' lang='lat' dir='ltr'><strong>Filius</strong></span> <span class='ocrx_word' id='word_1_161' title='bbox 1331 2472 1514 2516; x_wconf 84' lang='lat' dir='ltr'><strong>autem</strong></span> <span class='ocrx_word' id='word_1_162' title='bbox 1541 2462 1649 2515; x_wconf 89' lang='lat' dir='ltr'><strong>erit</strong></span> <span class='ocrx_word' id='word_1_163' title='bbox 1678 2464 1792 2517; x_wconf 86' lang='lat' dir='ltr'><strong>siue</strong></span> <span class='ocrx_word' id='word_1_164' title='bbox 1824 2465 2093 2531; x_wconf 87' lang='lat' dir='ltr'><strong>potentia.</strong></span> <span class='ocrx_word' id='word_1_165' title='bbox 2120 2467 2239 2519; x_wconf 84' lang='lat' dir='ltr'><strong>sine</strong></span> 
     </span>
    </p>
   </div>
   <div class='ocr_carea' id='block_1_28' title="bbox 684 2550 2240 2618">
    <p class='ocr_par' dir='ltr' id='par_1_28' title="bbox 684 2550 2240 2618">
     <span class='ocr_line' id='line_1_28' title="bbox 684 2550 2240 2618; baseline 0.005 -17"><span class='ocrx_word' id='word_1_166' title='bbox 684 2550 792 2603; x_wconf 83' lang='lat' dir='ltr'><strong>vita</strong></span> <span class='ocrx_word' id='word_1_167' title='bbox 850 2559 906 2604; x_wconf 86' lang='lat' dir='ltr'><strong>et</strong></span> <span class='ocrx_word' id='word_1_168' title='bbox 943 2552 1060 2603; x_wconf 90' lang='lat' dir='ltr'><strong>sine</strong></span> <span class='ocrx_word' id='word_1_169' title='bbox 1090 2552 1555 2618; x_wconf 83' lang='lat' dir='ltr'><strong>operatione;vel</strong></span> <span class='ocrx_word' id='word_1_170' title='bbox 1588 2552 1751 2607; x_wconf 88' lang='lat' dir='ltr'><strong>etiam</strong></span> <span class='ocrx_word' id='word_1_171' title='bbox 1792 2562 1902 2607; x_wconf 90' lang='lat' dir='ltr'><strong>tota</strong></span> <span class='ocrx_word' id='word_1_172' title='bbox 1933 2556 2240 2609; x_wconf 84' lang='lat' dir='ltr'><strong>substantia</strong></span> 
     </span>
    </p>
   </div>
   <div class='ocr_carea' id='block_1_29' title="bbox 683 2639 2242 2715">
    <p class='ocr_par' dir='ltr' id='par_1_29' title="bbox 683 2639 2242 2715">
     <span class='ocr_line' id='line_1_29' title="bbox 683 2639 2242 2715; baseline 0.003 -20"><span class='ocrx_word' id='word_1_173' title='bbox 683 2651 885 2696; x_wconf 72' lang='lat' dir='ltr'><strong>sancta:</strong></span> <span class='ocrx_word' id='word_1_174' title='bbox 930 2639 1240 2694; x_wconf 86' lang='lat' dir='ltr'><strong>Trinitatis.</strong></span> <span class='ocrx_word' id='word_1_175' title='bbox 1310 2660 1327 2692; x_wconf 75' lang='grc' dir='ltr'><strong>ι</strong></span> <span class='ocrx_word' id='word_1_176' title='bbox 1388 2640 1454 2694; x_wconf 87' lang='grc' dir='ltr'>Ει</span> <span class='ocrx_word' id='word_1_177' title='bbox 1501 2642 1554 2694; x_wconf 92' lang='lat' dir='ltr'><strong>in</strong></span> <span class='ocrx_word' id='word_1_178' title='bbox 1620 2652 1767 2696; x_wconf 87' lang='lat' dir='ltr'><strong>tomo</strong></span> <span class='ocrx_word' id='word_1_179' title='bbox 1826 2645 2078 2715; x_wconf 86' lang='lat' dir='ltr'><strong>synodice</strong></span> <span class='ocrx_word' id='word_1_180' title='bbox 2127 2645 2242 2699; x_wconf 62' lang='lat' dir='ltr'><strong>hac</strong></span> 
     </span>
    </p>
   </div>
   <div class='ocr_carea' id='block_1_30' title="bbox 682 2733 2243 2805">
    <p class='ocr_par' dir='ltr' id='par_1_30' title="bbox 682 2733 2243 2805">
     <span class='ocr_line' id='line_1_30' title="bbox 682 2733 2243 2805; baseline 0.001 -17"><span class='ocrx_word' id='word_1_181' title='bbox 682 2733 968 2788; x_wconf 73' lang='lat' dir='ltr'><strong>enuntiarit</strong></span> <span class='ocrx_word' id='word_1_182' title='bbox 998 2750 1013 2785; x_wconf 82' lang='lat'><strong><em>:</em></strong></span> <span class='ocrx_word' id='word_1_183' title='bbox 1048 2751 1066 2783; x_wconf 82' lang='grc' dir='ltr'><strong>ι</strong></span> <span class='ocrx_word' id='word_1_184' title='bbox 1104 2733 1179 2786; x_wconf 77' lang='lat' dir='ltr'><strong>Ex</strong></span> <span class='ocrx_word' id='word_1_185' title='bbox 1211 2734 1296 2787; x_wconf 86' lang='lat' dir='ltr'><strong>bis</strong></span> <span class='ocrx_word' id='word_1_186' title='bbox 1330 2733 1494 2801; x_wconf 80' lang='lat' dir='ltr'><strong>igitur</strong></span> <span class='ocrx_word' id='word_1_187' title='bbox 1525 2746 1710 2788; x_wconf 86' lang='lat' dir='ltr'><strong>sancta</strong></span> <span class='ocrx_word' id='word_1_188' title='bbox 1735 2735 1991 2805; x_wconf 88' lang='lat' dir='ltr'><strong>synodus,</strong></span> <span class='ocrx_word' id='word_1_189' title='bbox 2015 2736 2243 2790; x_wconf 82' lang='lat' dir='ltr'><strong>Eviden-</strong></span> 
     </span>
    </p>
   </div>
   <div class='ocr_carea' id='block_1_31' title="bbox 687 2823 2239 2895">
    <p class='ocr_par' dir='ltr' id='par_1_31' title="bbox 687 2823 2239 2895">
     <span class='ocr_line' id='line_1_31' title="bbox 687 2823 2239 2895; baseline 0.001 -18"><span class='ocrx_word' id='word_1_190' title='bbox 687 2835 791 2888; x_wconf 85' lang='lat' dir='ltr'><strong>ter,</strong></span> <span class='ocrx_word' id='word_1_191' title='bbox 826 2823 1025 2892; x_wconf 89' lang='lat' dir='ltr'><strong>inquit,</strong></span> <span class='ocrx_word' id='word_1_192' title='bbox 1069 2832 1349 2878; x_wconf 87' lang='lat' dir='ltr'><strong>ostensum</strong></span> <span class='ocrx_word' id='word_1_193' title='bbox 1380 2835 1485 2889; x_wconf 89' lang='lat' dir='ltr'><strong>est,</strong></span> <span class='ocrx_word' id='word_1_194' title='bbox 1534 2826 1678 2893; x_wconf 91' lang='lat' dir='ltr'><strong>quod</strong></span> <span class='ocrx_word' id='word_1_195' title='bbox 1740 2828 1831 2895; x_wconf 92' lang='lat' dir='ltr'><strong>qui</strong></span> <span class='ocrx_word' id='word_1_196' title='bbox 1865 2827 2018 2890; x_wconf 74' lang='lat' dir='ltr'><strong>dicit,</strong></span> <span class='ocrx_word' id='word_1_197' title='bbox 2066 2827 2239 2880; x_wconf 91' lang='lat' dir='ltr'><strong>solum</strong></span> 
     </span>
    </p>
   </div>
   <div class='ocr_carea' id='block_1_32' title="bbox 683 2914 2243 2984">
    <p class='ocr_par' dir='ltr' id='par_1_32' title="bbox 683 2914 2243 2984">
     <span class='ocr_line' id='line_1_32' title="bbox 683 2914 2243 2984; baseline 0.001 -16"><span class='ocrx_word' id='word_1_198' title='bbox 683 2915 882 2968; x_wconf 88' lang='lat' dir='ltr'><strong>Filium</strong></span> <span class='ocrx_word' id='word_1_199' title='bbox 912 2924 970 2966; x_wconf 81' lang='lat' dir='ltr'><strong>et</strong></span> <span class='ocrx_word' id='word_1_200' title='bbox 1022 2914 1290 2981; x_wconf 86' lang='lat' dir='ltr'><strong>Spiritum</strong></span> <span class='ocrx_word' id='word_1_201' title='bbox 1320 2924 1569 2967; x_wconf 84' lang='lat' dir='ltr'><strong>sanctum</strong></span> <span class='ocrx_word' id='word_1_202' title='bbox 1597 2916 1947 2984; x_wconf 81' lang='lat' dir='ltr'><strong>operationes</strong></span> <span class='ocrx_word' id='word_1_203' title='bbox 1972 2915 2243 2970; x_wconf 87' lang='lat' dir='ltr'><strong>increatas</strong></span> 
     </span>
    </p>
   </div>
   <div class='ocr_carea' id='block_1_33' title="bbox 684 3004 2239 3073">
    <p class='ocr_par' dir='ltr' id='par_1_33' title="bbox 684 3004 2239 3073">
     <span class='ocr_line' id='line_1_33' title="bbox 684 3004 2239 3073; baseline 0.001 -15"><span class='ocrx_word' id='word_1_204' title='bbox 684 3019 805 3058; x_wconf 86' lang='lat' dir='ltr'><strong>esse</strong></span> <span class='ocrx_word' id='word_1_205' title='bbox 847 3004 960 3067; x_wconf 86' lang='lat' dir='ltr'><strong>Dei,</strong></span> <span class='ocrx_word' id='word_1_206' title='bbox 1013 3016 1266 3072; x_wconf 87' lang='lat' dir='ltr'><strong>tanquam</strong></span> <span class='ocrx_word' id='word_1_207' title='bbox 1311 3005 1403 3073; x_wconf 92' lang='lat' dir='ltr'><strong>qui</strong></span> <span class='ocrx_word' id='word_1_208' title='bbox 1462 3020 1569 3058; x_wconf 91' lang='lat' dir='ltr'><strong>non</strong></span> <span class='ocrx_word' id='word_1_209' title='bbox 1625 3015 1844 3061; x_wconf 86' lang='lat' dir='ltr'><strong>censeat</strong></span> <span class='ocrx_word' id='word_1_210' title='bbox 1897 3022 2239 3061; x_wconf 82' lang='lat' dir='ltr'><strong>communem</strong></span> 
     </span>
    </p>
   </div>
   <div class='ocr_carea' id='block_1_34' title="bbox 2326 569 3894 648">
    <p class='ocr_par' dir='ltr' id='par_1_34' title="bbox 2326 569 3894 648">
     <span class='ocr_line' id='line_1_34' title="bbox 2326 569 3894 648; baseline -0.006 -21"><span class='ocrx_word' id='word_1_211' title='bbox 2326 575 2468 645; x_wconf 84' lang='grc' dir='ltr'>λόγῳ</span> <span class='ocrx_word' id='word_1_212' title='bbox 2491 578 2568 644; x_wconf 81' lang='grc' dir='ltr'>τῷ</span> <span class='ocrx_word' id='word_1_213' title='bbox 2592 576 2725 648; x_wconf 81' lang='grc' dir='ltr'>πρὸς</span> <span class='ocrx_word' id='word_1_214' title='bbox 2756 575 2962 627; x_wconf 79' lang='grc' dir='ltr'><strong>Παῦλον</strong></span> <span class='ocrx_word' id='word_1_215' title='bbox 2983 574 3071 627; x_wconf 79' lang='grc' dir='ltr'><strong>τὸν</strong></span> <span class='ocrx_word' id='word_1_216' title='bbox 3114 571 3301 635; x_wconf 70' lang='grc' dir='ltr'>Ἄσαν,</span> <span class='ocrx_word' id='word_1_217' title='bbox 3329 588 3347 621; x_wconf 79' lang='grc' dir='ltr'><strong>ι</strong></span> <span class='ocrx_word' id='word_1_218' title='bbox 3388 569 3575 622; x_wconf 78' lang='grc' dir='ltr'>Ἱινίκα</span> <span class='ocrx_word' id='word_1_219' title='bbox 3600 570 3894 637; x_wconf 79' lang='grc' dir='ltr'><strong>διαιρεῖται</strong></span> 
     </span>
    </p>
   </div>
   <div class='ocr_carea' id='block_1_35' title="bbox 2326 660 3895 729">
    <p class='ocr_par' dir='ltr' id='par_1_35' title="bbox 2326 660 3895 729">
     <span class='ocr_line' id='line_1_35' title="bbox 2326 660 3895 729; baseline -0.006 -10"><span class='ocrx_word' id='word_1_220' title='bbox 2326 665 2388 719; x_wconf 59' lang='lat' dir='ltr'><strong>cs</strong></span> <span class='ocrx_word' id='word_1_221' title='bbox 2418 668 2574 719; x_wconf 83' lang='grc' dir='ltr'><strong>Θείον</strong></span> <span class='ocrx_word' id='word_1_222' title='bbox 2626 666 2767 718; x_wconf 79' lang='grc' dir='ltr'>κατὰ</span> <span class='ocrx_word' id='word_1_223' title='bbox 2814 660 2911 727; x_wconf 77' lang='grc' dir='ltr'>τὰς</span> <span class='ocrx_word' id='word_1_224' title='bbox 2944 664 3287 727; x_wconf 79' lang='grc' dir='ltr'><strong>ὑποστάσεις,</strong></span> <span class='ocrx_word' id='word_1_225' title='bbox 3330 663 3390 715; x_wconf 76' lang='grc' dir='ltr'>τὸ</span> <span class='ocrx_word' id='word_1_226' title='bbox 3442 662 3742 729; x_wconf 74' lang='grc' dir='ltr'>ἀδιαίρετον</span> <span class='ocrx_word' id='word_1_227' title='bbox 3773 660 3895 727; x_wconf 75' lang='grc' dir='ltr'>ἔχει</span> 
     </span>
    </p>
   </div>
   <div class='ocr_carea' id='block_1_36' title="bbox 2325 749 3895 823">
    <p class='ocr_par' dir='ltr' id='par_1_36' title="bbox 2325 749 3895 823">
     <span class='ocr_line' id='line_1_36' title="bbox 2325 749 3895 823; baseline -0.006 -16"><span class='ocrx_word' id='word_1_228' title='bbox 2325 756 2463 807; x_wconf 75' lang='grc' dir='ltr'>κατὰ</span> <span class='ocrx_word' id='word_1_229' title='bbox 2485 754 2581 816; x_wconf 79' lang='grc' dir='ltr'><strong>τὰς</strong></span> <span class='ocrx_word' id='word_1_230' title='bbox 2602 754 2876 822; x_wconf 79' lang='grc' dir='ltr'>ἐνεργείας</span> <span class='ocrx_word' id='word_1_231' title='bbox 2938 754 3101 823; x_wconf 76' lang='grc' dir='ltr'>ἡνίκα</span> <span class='ocrx_word' id='word_1_232' title='bbox 3123 755 3179 804; x_wconf 84' lang='grc' dir='ltr'><strong>δέ</strong></span> <span class='ocrx_word' id='word_1_233' title='bbox 3228 752 3368 805; x_wconf 76' lang='grc' dir='ltr'>κατὰ</span> <span class='ocrx_word' id='word_1_234' title='bbox 3393 754 3489 812; x_wconf 83' lang='grc' dir='ltr'>τὰς</span> <span class='ocrx_word' id='word_1_235' title='bbox 3515 750 3766 818; x_wconf 78' lang='grc' dir='ltr'>δυνάμεις</span> <span class='ocrx_word' id='word_1_236' title='bbox 3791 749 3895 800; x_wconf 78' lang='grc' dir='ltr'>καὶ</span> 
     </span>
    </p>
   </div>
   <div class='ocr_carea' id='block_1_37' title="bbox 2327 840 3895 915">
    <p class='ocr_par' dir='ltr' id='par_1_37' title="bbox 2327 840 3895 915">
     <span class='ocr_line' id='line_1_37' title="bbox 2327 840 3895 915; baseline -0.004 -20"><span class='ocrx_word' id='word_1_237' title='bbox 2327 845 2606 915; x_wconf 70' lang='grc' dir='ltr'><strong>ἐνεργείας</strong></span> <span class='ocrx_word' id='word_1_238' title='bbox 2649 845 2960 913; x_wconf 82' lang='grc' dir='ltr'>διαιρεῖται,</span> <span class='ocrx_word' id='word_1_239' title='bbox 3020 843 3170 911; x_wconf 79' lang='grc' dir='ltr'>μένει</span> <span class='ocrx_word' id='word_1_240' title='bbox 3228 843 3368 894; x_wconf 80' lang='grc' dir='ltr'>κατὰ</span> <span class='ocrx_word' id='word_1_241' title='bbox 3420 842 3516 901; x_wconf 70' lang='grc' dir='ltr'><strong>τὰς</strong></span> <span class='ocrx_word' id='word_1_242' title='bbox 3566 840 3895 896; x_wconf 76' lang='grc' dir='ltr'><strong>ὑποστάσεις</strong></span> 
     </span>
    </p>
   </div>
   <div class='ocr_carea' id='block_1_38' title="bbox 2329 926 3899 1004">
    <p class='ocr_par' dir='ltr' id='par_1_38' title="bbox 2329 926 3899 1004">
     <span class='ocr_line' id='line_1_38' title="bbox 2329 926 3899 1004; baseline -0.005 -16"><span class='ocrx_word' id='word_1_243' title='bbox 2329 935 2651 1004; x_wconf 78' lang='grc' dir='ltr'>ἀδιαίρετον.</span> <span class='ocrx_word' id='word_1_244' title='bbox 2692 954 2708 987; x_wconf 74' lang='grc' dir='ltr'><strong>ι</strong></span> <span class='ocrx_word' id='word_1_245' title='bbox 2755 936 2863 987; x_wconf 78' lang='grc' dir='ltr'><strong>Καὶ</strong></span> <span class='ocrx_word' id='word_1_246' title='bbox 2899 937 2955 985; x_wconf 81' lang='grc' dir='ltr'><strong>ἐν</strong></span> <span class='ocrx_word' id='word_1_247' title='bbox 2985 934 3175 1002; x_wconf 76' lang='grc' dir='ltr'>ἑτέρῳ,</span> <span class='ocrx_word' id='word_1_248' title='bbox 3219 926 3279 985; x_wconf 80' lang='grc' dir='ltr'><strong>οῦ</strong></span> <span class='ocrx_word' id='word_1_249' title='bbox 3319 934 3351 1001; x_wconf 83' lang='grc' dir='ltr'>ἡ</span> <span class='ocrx_word' id='word_1_250' title='bbox 3398 932 3562 999; x_wconf 82' lang='grc' dir='ltr'>ἀρχὴ,</span> <span class='ocrx_word' id='word_1_251' title='bbox 3614 931 3899 996; x_wconf 67' lang='grc' dir='ltr'>Εὑλόγως</span> 
     </span>
    </p>
   </div>
   <div class='ocr_carea' id='block_1_39' title="bbox 2324 1020 3901 1095">
    <p class='ocr_par' dir='ltr' id='par_1_39' title="bbox 2324 1020 3901 1095">
     <span class='ocr_line' id='line_1_39' title="bbox 2324 1020 3901 1095; baseline -0.005 -17"><span class='ocrx_word' id='word_1_252' title='bbox 2324 1027 2439 1095; x_wconf 76' lang='grc' dir='ltr'><strong>μὲν</strong></span> <span class='ocrx_word' id='word_1_253' title='bbox 2465 1022 2577 1081; x_wconf 79' lang='grc' dir='ltr'><strong>οὖν</strong></span> <span class='ocrx_word' id='word_1_254' title='bbox 2606 1028 2639 1079; x_wconf 82' lang='grc' dir='ltr'><em>ό</em></span> <span class='ocrx_word' id='word_1_255' title='bbox 2661 1027 2839 1093; x_wconf 67' lang='grc' dir='ltr'>,λόγος</span> <span class='ocrx_word' id='word_1_256' title='bbox 2857 1043 2871 1056; x_wconf 89' lang='grc'><strong>·</strong></span> <span class='ocrx_word' id='word_1_257' title='bbox 2909 1044 2927 1076; x_wconf 83' lang='grc' dir='ltr'><strong>ι</strong></span> <span class='ocrx_word' id='word_1_258' title='bbox 2973 1025 3119 1077; x_wconf 78' lang='grc' dir='ltr'>Ἐπεὶ</span> <span class='ocrx_word' id='word_1_259' title='bbox 3150 1025 3254 1093; x_wconf 69' lang='grc' dir='ltr'><strong>γὰρ</strong></span> <span class='ocrx_word' id='word_1_260' title='bbox 3282 1023 3423 1076; x_wconf 83' lang='grc' dir='ltr'>κατὰ</span> <span class='ocrx_word' id='word_1_261' title='bbox 3447 1022 3544 1083; x_wconf 79' lang='grc' dir='ltr'>τὰς</span> <span class='ocrx_word' id='word_1_262' title='bbox 3570 1020 3901 1083; x_wconf 79' lang='grc' dir='ltr'>ὑποστάσεις</span> 
     </span>
    </p>
   </div>
   <div class='ocr_carea' id='block_1_40' title="bbox 2331 1111 3903 1188">
    <p class='ocr_par' dir='ltr' id='par_1_40' title="bbox 2331 1111 3903 1188">
     <span class='ocr_line' id='line_1_40' title="bbox 2331 1111 3903 1188; baseline -0.005 -19"><span class='ocrx_word' id='word_1_263' title='bbox 2331 1117 2425 1169; x_wconf 75' lang='grc' dir='ltr'>καὶ</span> <span class='ocrx_word' id='word_1_264' title='bbox 2467 1118 2565 1179; x_wconf 84' lang='grc' dir='ltr'>τὰς</span> <span class='ocrx_word' id='word_1_265' title='bbox 2610 1117 2888 1188; x_wconf 74' lang='grc' dir='ltr'><strong>ἐνεργείας</strong></span> <span class='ocrx_word' id='word_1_266' title='bbox 2938 1116 3268 1186; x_wconf 76' lang='grc' dir='ltr'>διακρίνεται</span> <span class='ocrx_word' id='word_1_267' title='bbox 3312 1116 3370 1167; x_wconf 82' lang='grc' dir='ltr'>τὸ</span> <span class='ocrx_word' id='word_1_268' title='bbox 3420 1114 3593 1176; x_wconf 76' lang='grc' dir='ltr'>Θεῖον,</span> <span class='ocrx_word' id='word_1_269' title='bbox 3639 1111 3903 1179; x_wconf 70' lang='grc' dir='ltr'>ἑτερότης</span> 
     </span>
    </p>
   </div>
   <div class='ocr_carea' id='block_1_41' title="bbox 2337 1202 3903 1278">
    <p class='ocr_par' dir='ltr' id='par_1_41' title="bbox 2337 1202 3903 1278">
     <span class='ocr_line' id='line_1_41' title="bbox 2337 1202 3903 1278; baseline -0.005 -19"><span class='ocrx_word' id='word_1_270' title='bbox 2337 1207 2458 1260; x_wconf 84' lang='grc' dir='ltr'>καθ’</span> <span class='ocrx_word' id='word_1_271' title='bbox 2486 1208 2677 1278; x_wconf 81' lang='grc' dir='ltr'>ἑτέραν</span> <span class='ocrx_word' id='word_1_272' title='bbox 2710 1207 2984 1276; x_wconf 80' lang='grc' dir='ltr'>διάκρισιν</span> <span class='ocrx_word' id='word_1_273' title='bbox 3019 1208 3212 1276; x_wconf 83' lang='grc' dir='ltr'>ὁρᾶται</span> <span class='ocrx_word' id='word_1_274' title='bbox 3240 1204 3461 1269; x_wconf 78' lang='grc' dir='ltr'>ἐναλλὰξ</span> <span class='ocrx_word' id='word_1_275' title='bbox 3494 1204 3628 1273; x_wconf 80' lang='grc' dir='ltr'>πρὸς</span> <span class='ocrx_word' id='word_1_276' title='bbox 3659 1202 3903 1269; x_wconf 77' lang='grc' dir='ltr'><strong>ἀλλήλας</strong></span> 
     </span>
    </p>
   </div>
   <div class='ocr_carea' id='block_1_42' title="bbox 2333 1293 3903 1368">
    <p class='ocr_par' dir='ltr' id='par_1_42' title="bbox 2333 1293 3903 1368">
     <span class='ocr_line' id='line_1_42' title="bbox 2333 1293 3903 1368; baseline -0.005 -18"><span class='ocrx_word' id='word_1_277' title='bbox 2333 1300 2587 1367; x_wconf 75' lang='grc' dir='ltr'><strong>ἐχουσῶν.</strong></span> <span class='ocrx_word' id='word_1_278' title='bbox 2629 1299 2709 1351; x_wconf 84' lang='grc' dir='ltr'><strong>Τὰ</strong></span> <span class='ocrx_word' id='word_1_279' title='bbox 2752 1298 2850 1368; x_wconf 80' lang='grc' dir='ltr'>μὲν</span> <span class='ocrx_word' id='word_1_280' title='bbox 2891 1299 2996 1366; x_wconf 73' lang='grc' dir='ltr'>γὰρ</span> <span class='ocrx_word' id='word_1_281' title='bbox 3041 1298 3145 1350; x_wconf 86' lang='grc' dir='ltr'>ῐδια</span> <span class='ocrx_word' id='word_1_282' title='bbox 3178 1298 3284 1351; x_wconf 88' lang='grc' dir='ltr'><strong>τῶν</strong></span> <span class='ocrx_word' id='word_1_283' title='bbox 3342 1296 3503 1349; x_wconf 84' lang='grc' dir='ltr'>θείων</span> <span class='ocrx_word' id='word_1_284' title='bbox 3544 1293 3903 1347; x_wconf 75' lang='grc' dir='ltr'>ῦποστάσεων</span> 
     </span>
    </p>
   </div>
   <div class='ocr_carea' id='block_1_43' title="bbox 2335 1386 3904 1457">
    <p class='ocr_par' dir='ltr' id='par_1_43' title="bbox 2335 1386 3904 1457">
     <span class='ocr_line' id='line_1_43' title="bbox 2335 1386 3904 1457; baseline -0.006 -15"><span class='ocrx_word' id='word_1_285' title='bbox 2335 1389 2572 1457; x_wconf 82' lang='grc' dir='ltr'>ὀνόματα</span> <span class='ocrx_word' id='word_1_286' title='bbox 2609 1390 2765 1443; x_wconf 87' lang='grc' dir='ltr'>κοινά</span> <span class='ocrx_word' id='word_1_287' title='bbox 2817 1392 2934 1442; x_wconf 79' lang='grc' dir='ltr'>ἐστι</span> <span class='ocrx_word' id='word_1_288' title='bbox 2967 1390 3086 1453; x_wconf 79' lang='grc' dir='ltr'>ταῖς</span> <span class='ocrx_word' id='word_1_289' title='bbox 3137 1388 3462 1455; x_wconf 86' lang='grc' dir='ltr'>ἐνεργείαις,</span> <span class='ocrx_word' id='word_1_290' title='bbox 3512 1387 3579 1438; x_wconf 75' lang='grc' dir='ltr'>τὰ</span> <span class='ocrx_word' id='word_1_291' title='bbox 3635 1386 3692 1437; x_wconf 78' lang='grc' dir='ltr'><strong>δέ</strong></span> <span class='ocrx_word' id='word_1_292' title='bbox 3740 1388 3904 1437; x_wconf 57' lang='grc' dir='ltr'>κοιλ-α</span> 
     </span>
    </p>
   </div>
   <div class='ocr_carea' id='block_1_44' title="bbox 2336 1476 3905 1551">
    <p class='ocr_par' dir='ltr' id='par_1_44' title="bbox 2336 1476 3905 1551">
     <span class='ocr_line' id='line_1_44' title="bbox 2336 1476 3905 1551; baseline -0.003 -19"><span class='ocrx_word' id='word_1_293' title='bbox 2336 1480 2455 1541; x_wconf 81' lang='grc' dir='ltr'>ταῖς</span> <span class='ocrx_word' id='word_1_294' title='bbox 2504 1480 2886 1547; x_wconf 80' lang='grc' dir='ltr'>ὑποστάσεσιν,</span> <span class='ocrx_word' id='word_1_295' title='bbox 2913 1480 3019 1534; x_wconf 84' lang='grc' dir='ltr'>ῐδια</span> <span class='ocrx_word' id='word_1_296' title='bbox 3066 1480 3176 1533; x_wconf 88' lang='grc' dir='ltr'><strong>τῶν</strong></span> <span class='ocrx_word' id='word_1_297' title='bbox 3229 1478 3388 1534; x_wconf 87' lang='grc' dir='ltr'>θείων</span> <span class='ocrx_word' id='word_1_298' title='bbox 3441 1477 3731 1551; x_wconf 75' lang='grc' dir='ltr'>ἐνεργειῶν</span> <span class='ocrx_word' id='word_1_299' title='bbox 3771 1476 3905 1527; x_wconf 82' lang='grc' dir='ltr'><strong>ὀνό-</strong></span> 
     </span>
    </p>
   </div>
   <div class='ocr_carea' id='block_1_45' title="bbox 2343 1587 2568 1639">
    <p class='ocr_par' dir='ltr' id='par_1_45' title="bbox 2343 1587 2568 1639">
     <span class='ocr_line' id='line_1_45' title="bbox 2343 1587 2568 1639; baseline -0.004 -16"><span class='ocrx_word' id='word_1_300' title='bbox 2343 1587 2507 1639; x_wconf 88' lang='grc' dir='ltr'>ματα.</span> <span class='ocrx_word' id='word_1_301' title='bbox 2549 1589 2568 1622; x_wconf 72' lang='grc' dir='ltr'><strong>ι</strong></span> 
     </span>
    </p>
   </div>
   <div class='ocr_carea' id='block_1_46' title="bbox 2416 1834 3911 1904">
    <p class='ocr_par' dir='ltr' id='par_1_46' title="bbox 2416 1834 3911 1904">
     <span class='ocr_line' id='line_1_46' title="bbox 2416 1834 3911 1904; baseline -0.003 -16"><span class='ocrx_word' id='word_1_302' title='bbox 2416 1836 2539 1889; x_wconf 81' lang='grc' dir='ltr'><strong>Ἔτι</strong></span> <span class='ocrx_word' id='word_1_303' title='bbox 2576 1834 2963 1903; x_wconf 73' lang='grc' dir='ltr'>δογματίζουσι</span> <span class='ocrx_word' id='word_1_304' title='bbox 2990 1836 3062 1904; x_wconf 77' lang='grc' dir='ltr'>μὴ</span> <span class='ocrx_word' id='word_1_305' title='bbox 3094 1834 3346 1902; x_wconf 77' lang='grc' dir='ltr'>ἐξαρκεῖν</span> <span class='ocrx_word' id='word_1_306' title='bbox 3382 1838 3448 1904; x_wconf 73' lang='grc' dir='ltr'>τῇ</span> <span class='ocrx_word' id='word_1_307' title='bbox 3483 1834 3911 1903; x_wconf 74' lang='grc' dir='ltr'>τρισυποστάτῳ</span> 
     </span>
    </p>
   </div>
   <div class='ocr_carea' id='block_1_47' title="bbox 2345 1922 3911 1995">
    <p class='ocr_par' dir='ltr' id='par_1_47' title="bbox 2345 1922 3911 1995">
     <span class='ocr_line' id='line_1_47' title="bbox 2345 1922 3911 1995; baseline -0.001 -17"><span class='ocrx_word' id='word_1_308' title='bbox 2345 1925 2561 1995; x_wconf 83' lang='grc' dir='ltr'>θεότητι</span> <span class='ocrx_word' id='word_1_309' title='bbox 2617 1925 3001 1993; x_wconf 81' lang='grc' dir='ltr'>αὺθύπαρκτον</span> <span class='ocrx_word' id='word_1_310' title='bbox 3052 1925 3143 1977; x_wconf 62' lang='grc' dir='ltr'><strong>κα)⁵</strong></span> <span class='ocrx_word' id='word_1_311' title='bbox 3194 1924 3604 1978; x_wconf 74' lang='grc' dir='ltr'>αὑθυπόστατον</span> <span class='ocrx_word' id='word_1_312' title='bbox 3669 1922 3911 1992; x_wconf 80' lang='grc' dir='ltr'>δύναμιν</span> 
     </span>
    </p>
   </div>
   <div class='ocr_carea' id='block_1_48' title="bbox 2346 2013 3909 2085">
    <p class='ocr_par' dir='ltr' id='par_1_48' title="bbox 2346 2013 3909 2085">
     <span class='ocr_line' id='line_1_48' title="bbox 2346 2013 3909 2085; baseline -0.002 -17"><span class='ocrx_word' id='word_1_313' title='bbox 2346 2014 2439 2067; x_wconf 78' lang='grc' dir='ltr'>καὶ</span> <span class='ocrx_word' id='word_1_314' title='bbox 2462 2014 2739 2083; x_wconf 75' lang='grc' dir='ltr'>ἐνέργειαν</span> <span class='ocrx_word' id='word_1_315' title='bbox 2790 2014 2962 2080; x_wconf 75' lang='grc' dir='ltr'>εἶναι,</span> <span class='ocrx_word' id='word_1_316' title='bbox 3009 2013 3145 2068; x_wconf 75' lang='grc' dir='ltr'>ἀλλὰ</span> <span class='ocrx_word' id='word_1_317' title='bbox 3190 2013 3537 2085; x_wconf 82' lang='grc' dir='ltr'>προσδεῖσθαι</span> <span class='ocrx_word' id='word_1_318' title='bbox 3582 2014 3675 2066; x_wconf 77' lang='grc' dir='ltr'>καὶ</span> <span class='ocrx_word' id='word_1_319' title='bbox 3712 2013 3909 2080; x_wconf 79' lang='grc' dir='ltr'>ἐτέρας</span> 
     </span>
    </p>
   </div>
   <div class='ocr_carea' id='block_1_49' title="bbox 2344 2103 3912 2174">
    <p class='ocr_par' dir='ltr' id='par_1_49' title="bbox 2344 2103 3912 2174">
     <span class='ocr_line' id='line_1_49' title="bbox 2344 2103 3912 2174; baseline -0.003 -15"><span class='ocrx_word' id='word_1_320' title='bbox 2344 2103 2735 2159; x_wconf 76' lang='grc' dir='ltr'>ἁνυποστάτου.</span> <span class='ocrx_word' id='word_1_321' title='bbox 2798 2104 2907 2157; x_wconf 83' lang='grc' dir='ltr'>Καί</span> <span class='ocrx_word' id='word_1_322' title='bbox 2965 2122 3129 2174; x_wconf 76' lang='grc' dir='ltr'>φησιν</span> <span class='ocrx_word' id='word_1_323' title='bbox 3182 2104 3210 2156; x_wconf 83' lang='grc' dir='ltr'><strong>δ</strong></span> <span class='ocrx_word' id='word_1_324' title='bbox 3254 2104 3514 2173; x_wconf 55' lang='lat' dir='ltr'><strong>Halani;</strong></span> <span class='ocrx_word' id='word_1_325' title='bbox 3562 2103 3619 2157; x_wconf 75' lang='grc' dir='ltr'><strong>ἐν</strong></span> <span class='ocrx_word' id='word_1_326' title='bbox 3656 2121 3760 2156; x_wconf 89' lang='grc' dir='ltr'>τινι</span> <span class='ocrx_word' id='word_1_327' title='bbox 3786 2104 3912 2155; x_wconf 82' lang='grc' dir='ltr'><strong>τῶν</strong></span> 
     </span>
    </p>
   </div>
   <div class='ocr_carea' id='block_1_50' title="bbox 2344 2192 3915 2265">
    <p class='ocr_par' dir='ltr' id='par_1_50' title="bbox 2344 2192 3915 2265">
     <span class='ocr_line' id='line_1_50' title="bbox 2344 2192 3915 2265; baseline -0.002 -18"><span class='ocrx_word' id='word_1_328' title='bbox 2344 2194 2605 2260; x_wconf 80' lang='grc' dir='ltr'>διαλόγων</span> <span class='ocrx_word' id='word_1_329' title='bbox 2637 2193 2835 2247; x_wconf 83' lang='grc' dir='ltr'>αὑτοῦ·</span> <span class='ocrx_word' id='word_1_330' title='bbox 2876 2212 2895 2245; x_wconf 75' lang='grc' dir='ltr'><strong>ι</strong></span> <span class='ocrx_word' id='word_1_331' title='bbox 2941 2196 2998 2246; x_wconf 90' lang='lat'><strong>&#39;0</strong></span> <span class='ocrx_word' id='word_1_332' title='bbox 3044 2196 3141 2263; x_wconf 79' lang='grc' dir='ltr'>μὲν</span> <span class='ocrx_word' id='word_1_333' title='bbox 3192 2194 3378 2265; x_wconf 74' lang='grc' dir='ltr'>Πατὴρ</span> <span class='ocrx_word' id='word_1_334' title='bbox 3432 2196 3547 2264; x_wconf 75' lang='grc' dir='ltr'><strong>ἔχει</strong></span> <span class='ocrx_word' id='word_1_335' title='bbox 3585 2192 3776 2263; x_wconf 81' lang='grc' dir='ltr'>σοφίαν</span> <span class='ocrx_word' id='word_1_336' title='bbox 3803 2194 3915 2245; x_wconf 77' lang='grc' dir='ltr'>καὶ</span> 
     </span>
    </p>
   </div>
   <div class='ocr_carea' id='block_1_51' title="bbox 2345 2281 3912 2353">
    <p class='ocr_par' dir='ltr' id='par_1_51' title="bbox 2345 2281 3912 2353">
     <span class='ocr_line' id='line_1_51' title="bbox 2345 2281 3912 2353; baseline 0 -19"><span class='ocrx_word' id='word_1_337' title='bbox 2345 2283 2573 2349; x_wconf 83' lang='grc' dir='ltr'>δύναμιν</span> <span class='ocrx_word' id='word_1_338' title='bbox 2605 2286 2697 2336; x_wconf 73' lang='grc' dir='ltr'>καὶ</span> <span class='ocrx_word' id='word_1_339' title='bbox 2730 2283 2873 2353; x_wconf 79' lang='grc' dir='ltr'>ζωὴν</span> <span class='ocrx_word' id='word_1_340' title='bbox 2920 2283 3015 2336; x_wconf 76' lang='grc' dir='ltr'>καὶ</span> <span class='ocrx_word' id='word_1_341' title='bbox 3056 2285 3333 2351; x_wconf 79' lang='grc' dir='ltr'>ἐνέργειαν</span> <span class='ocrx_word' id='word_1_342' title='bbox 3377 2285 3467 2336; x_wconf 79' lang='grc' dir='ltr'><strong>τὸν</strong></span> <span class='ocrx_word' id='word_1_343' title='bbox 3503 2284 3630 2337; x_wconf 81' lang='grc' dir='ltr'>Υίδν</span> <span class='ocrx_word' id='word_1_344' title='bbox 3670 2281 3912 2351; x_wconf 82' lang='grc' dir='ltr'>οὐσιὼδη</span> 
     </span>
    </p>
   </div>
   <div class='ocr_carea' id='block_1_52' title="bbox 2346 2374 3914 2445">
    <p class='ocr_par' dir='ltr' id='par_1_52' title="bbox 2346 2374 3914 2445">
     <span class='ocr_line' id='line_1_52' title="bbox 2346 2374 3914 2445; baseline -0.005 -15"><span class='ocrx_word' id='word_1_345' title='bbox 2346 2380 2440 2430; x_wconf 69' lang='grc' dir='ltr'>καὶ</span> <span class='ocrx_word' id='word_1_346' title='bbox 2479 2377 2748 2445; x_wconf 79' lang='grc' dir='ltr'>φυσικήν·</span> <span class='ocrx_word' id='word_1_347' title='bbox 2780 2376 2807 2425; x_wconf 67' lang='grc' dir='ltr'><strong>ὁ</strong></span> <span class='ocrx_word' id='word_1_348' title='bbox 2837 2375 2891 2426; x_wconf 75' lang='grc' dir='ltr'>δὲ</span> <span class='ocrx_word' id='word_1_349' title='bbox 2931 2375 3059 2435; x_wconf 83' lang='grc' dir='ltr'>Υίδς</span> <span class='ocrx_word' id='word_1_350' title='bbox 3094 2374 3350 2436; x_wconf 81' lang='grc' dir='ltr'>ἀδύνατος</span> <span class='ocrx_word' id='word_1_351' title='bbox 3385 2374 3536 2426; x_wconf 81' lang='grc' dir='ltr'>ἐσται</span> <span class='ocrx_word' id='word_1_352' title='bbox 3578 2377 3672 2428; x_wconf 80' lang='grc' dir='ltr'>καὶ</span> <span class='ocrx_word' id='word_1_353' title='bbox 3704 2374 3914 2437; x_wconf 73' lang='grc' dir='ltr'>ᾶζωος,</span> 
     </span>
    </p>
   </div>
   <div class='ocr_carea' id='block_1_53' title="bbox 2346 2466 3916 2537">
    <p class='ocr_par' dir='ltr' id='par_1_53' title="bbox 2346 2466 3916 2537">
     <span class='ocr_line' id='line_1_53' title="bbox 2346 2466 3916 2537; baseline -0.001 -15"><span class='ocrx_word' id='word_1_354' title='bbox 2346 2471 2438 2523; x_wconf 72' lang='grc' dir='ltr'>καὶ</span> <span class='ocrx_word' id='word_1_355' title='bbox 2489 2471 2871 2537; x_wconf 80' lang='grc' dir='ltr'>ἀνενέργητος,</span> <span class='ocrx_word' id='word_1_356' title='bbox 2926 2468 2958 2535; x_wconf 78' lang='grc' dir='ltr'>ἦ</span> <span class='ocrx_word' id='word_1_357' title='bbox 3009 2467 3109 2529; x_wconf 68' lang='grc' dir='ltr'>καὶ</span> <span class='ocrx_word' id='word_1_358' title='bbox 3146 2466 3241 2535; x_wconf 83' lang='grc' dir='ltr'>ὅλη</span> <span class='ocrx_word' id='word_1_359' title='bbox 3301 2469 3334 2536; x_wconf 80' lang='grc' dir='ltr'><strong>ἠ</strong></span> <span class='ocrx_word' id='word_1_360' title='bbox 3400 2466 3556 2520; x_wconf 85' lang='grc' dir='ltr'>οὐσία</span> <span class='ocrx_word' id='word_1_361' title='bbox 3605 2470 3701 2535; x_wconf 83' lang='grc' dir='ltr'>τῆς</span> <span class='ocrx_word' id='word_1_362' title='bbox 3738 2470 3916 2534; x_wconf 77' lang='grc' dir='ltr'>ἁγίας</span> 
     </span>
    </p>
   </div>
   <div class='ocr_carea' id='block_1_54' title="bbox 2348 2558 3917 2628">
    <p class='ocr_par' dir='ltr' id='par_1_54' title="bbox 2348 2558 3917 2628">
     <span class='ocr_line' id='line_1_54' title="bbox 2348 2558 3917 2628; baseline -0.001 -17"><span class='ocrx_word' id='word_1_363' title='bbox 2348 2558 2598 2628; x_wconf 78' lang='grc' dir='ltr'>Τριάδος.</span> <span class='ocrx_word' id='word_1_364' title='bbox 2624 2577 2641 2609; x_wconf 76' lang='grc' dir='ltr'><strong>ι</strong></span> <span class='ocrx_word' id='word_1_365' title='bbox 2676 2560 2780 2610; x_wconf 74' lang='grc' dir='ltr'><strong>Καὶ</strong></span> <span class='ocrx_word' id='word_1_366' title='bbox 2802 2559 2857 2609; x_wconf 85' lang='grc' dir='ltr'><strong>ἐν</strong></span> <span class='ocrx_word' id='word_1_367' title='bbox 2891 2558 2967 2625; x_wconf 85' lang='grc' dir='ltr'>τῷ</span> <span class='ocrx_word' id='word_1_368' title='bbox 2997 2559 3149 2628; x_wconf 82' lang='grc' dir='ltr'>τόμῳ</span> <span class='ocrx_word' id='word_1_369' title='bbox 3173 2558 3460 2620; x_wconf 87' lang='grc' dir='ltr'>συνοδικῶς</span> <span class='ocrx_word' id='word_1_370' title='bbox 3479 2558 3878 2625; x_wconf 77' lang='grc' dir='ltr'>ἀποφαίνονται</span> <span class='ocrx_word' id='word_1_371' title='bbox 3899 2577 3917 2593; x_wconf 80' lang='grc' dir='ltr'><strong>ο</strong></span> 
     </span>
    </p>
   </div>
   <div class='ocr_carea' id='block_1_55' title="bbox 2354 2647 3923 2717">
    <p class='ocr_par' dir='ltr' id='par_1_55' title="bbox 2354 2647 3923 2717">
     <span class='ocr_line' id='line_1_55' title="bbox 2354 2647 3923 2717; baseline 0.001 -18"><span class='ocrx_word' id='word_1_372' title='bbox 2354 2667 2372 2699; x_wconf 77' lang='grc' dir='ltr'><strong>ι</strong></span> <span class='ocrx_word' id='word_1_373' title='bbox 2425 2647 2519 2699; x_wconf 80' lang='grc' dir='ltr'>Ἐκ</span> <span class='ocrx_word' id='word_1_374' title='bbox 2554 2647 2615 2715; x_wconf 84' lang='grc' dir='ltr'>δὴ</span> <span class='ocrx_word' id='word_1_375' title='bbox 2666 2647 2866 2699; x_wconf 88' lang='grc' dir='ltr'>τούτων</span> <span class='ocrx_word' id='word_1_376' title='bbox 2918 2650 2951 2717; x_wconf 80' lang='grc' dir='ltr'>ἡ</span> <span class='ocrx_word' id='word_1_377' title='bbox 2983 2648 3100 2700; x_wconf 85' lang='grc' dir='ltr'>θεία</span> <span class='ocrx_word' id='word_1_378' title='bbox 3136 2648 3370 2713; x_wconf 80' lang='grc' dir='ltr'>σύνοδος,</span> <span class='ocrx_word' id='word_1_379' title='bbox 3411 2648 3606 2715; x_wconf 78' lang='grc' dir='ltr'>Σαφῶς</span> <span class='ocrx_word' id='word_1_380' title='bbox 3635 2648 3923 2701; x_wconf 78' lang='grc' dir='ltr'>ἀποδέδει-</span> 
     </span>
    </p>
   </div>
   <div class='ocr_carea' id='block_1_56' title="bbox 2348 2738 3921 2808">
    <p class='ocr_par' dir='ltr' id='par_1_56' title="bbox 2348 2738 3921 2808">
     <span class='ocr_line' id='line_1_56' title="bbox 2348 2738 3921 2808; baseline -0.001 -15"><span class='ocrx_word' id='word_1_381' title='bbox 2348 2757 2493 2803; x_wconf 89' lang='grc' dir='ltr'>κται,</span> <span class='ocrx_word' id='word_1_382' title='bbox 2532 2741 2713 2807; x_wconf 74' lang='grc' dir='ltr'>φησὶν,</span> <span class='ocrx_word' id='word_1_383' title='bbox 2765 2740 2840 2800; x_wconf 84' lang='grc' dir='ltr'><strong>ὡς</strong></span> <span class='ocrx_word' id='word_1_384' title='bbox 2902 2741 2929 2791; x_wconf 85' lang='grc' dir='ltr'>ὁ</span> <span class='ocrx_word' id='word_1_385' title='bbox 2978 2738 3150 2803; x_wconf 87' lang='grc' dir='ltr'>λέγων</span> <span class='ocrx_word' id='word_1_386' title='bbox 3198 2740 3356 2808; x_wconf 82' lang='grc' dir='ltr'>μόνον</span> <span class='ocrx_word' id='word_1_387' title='bbox 3399 2740 3490 2792; x_wconf 83' lang='grc' dir='ltr'>τὸν</span> <span class='ocrx_word' id='word_1_388' title='bbox 3537 2739 3684 2804; x_wconf 82' lang='grc' dir='ltr'>Υίδν,</span> <span class='ocrx_word' id='word_1_389' title='bbox 3720 2740 3816 2792; x_wconf 72' lang='grc' dir='ltr'>καὶ</span> <span class='ocrx_word' id='word_1_390' title='bbox 3853 2741 3921 2792; x_wconf 71' lang='grc' dir='ltr'><strong>τὸ</strong></span> 
     </span>
    </p>
   </div>
   <div class='ocr_carea' id='block_1_57' title="bbox 2350 2825 3919 2898">
    <p class='ocr_par' dir='ltr' id='par_1_57' title="bbox 2350 2825 3919 2898">
     <span class='ocr_line' id='line_1_57' title="bbox 2350 2825 3919 2898; baseline -0.001 -17"><span class='ocrx_word' id='word_1_391' title='bbox 2350 2827 2571 2896; x_wconf 82' lang='grc' dir='ltr'>Πνεῦμα</span> <span class='ocrx_word' id='word_1_392' title='bbox 2596 2828 2655 2879; x_wconf 72' lang='grc' dir='ltr'>τὸ</span> <span class='ocrx_word' id='word_1_393' title='bbox 2682 2825 2834 2893; x_wconf 80' lang='grc' dir='ltr'>ἅγιον</span> <span class='ocrx_word' id='word_1_394' title='bbox 2854 2828 3139 2889; x_wconf 87' lang='grc' dir='ltr'>ἀκτίστους</span> <span class='ocrx_word' id='word_1_395' title='bbox 3164 2828 3441 2898; x_wconf 82' lang='grc' dir='ltr'>ἐνεργείας</span> <span class='ocrx_word' id='word_1_396' title='bbox 3468 2825 3604 2880; x_wconf 75' lang='grc' dir='ltr'>εἶναι</span> <span class='ocrx_word' id='word_1_397' title='bbox 3628 2827 3720 2880; x_wconf 89' lang='grc' dir='ltr'><strong>τοῦ</strong></span> <span class='ocrx_word' id='word_1_398' title='bbox 3745 2828 3919 2892; x_wconf 84' lang='grc' dir='ltr'>Θεοῦ,</span> 
     </span>
    </p>
   </div>
   <div class='ocr_carea' id='block_1_58' title="bbox 2349 2917 3922 2987">
    <p class='ocr_par' dir='ltr' id='par_1_58' title="bbox 2349 2917 3922 2987">
     <span class='ocr_line' id='line_1_58' title="bbox 2349 2917 3922 2987; baseline 0.001 -17"><span class='ocrx_word' id='word_1_399' title='bbox 2349 2919 2421 2979; x_wconf 85' lang='grc' dir='ltr'>ὡς</span> <span class='ocrx_word' id='word_1_400' title='bbox 2454 2917 2526 2987; x_wconf 83' lang='grc' dir='ltr'>μὴ</span> <span class='ocrx_word' id='word_1_401' title='bbox 2554 2917 2737 2986; x_wconf 79' lang='grc' dir='ltr'>κοινὴν</span> <span class='ocrx_word' id='word_1_402' title='bbox 2771 2917 3048 2985; x_wconf 82' lang='grc' dir='ltr'>ἐνέργειαν</span> <span class='ocrx_word' id='word_1_403' title='bbox 3080 2918 3314 2981; x_wconf 76' lang='grc' dir='ltr'>δοξάζων</span> <span class='ocrx_word' id='word_1_404' title='bbox 3343 2920 3581 2987; x_wconf 78' lang='grc' dir='ltr'>φυσικὴν</span> <span class='ocrx_word' id='word_1_405' title='bbox 3608 2919 3717 2971; x_wconf 85' lang='grc' dir='ltr'><strong>τῶν</strong></span> <span class='ocrx_word' id='word_1_406' title='bbox 3743 2919 3922 2987; x_wconf 84' lang='grc' dir='ltr'>τριῶν</span> 
     </span>
    </p>
   </div>
   <div class='ocr_carea' id='block_1_59' title="bbox 2350 3007 3925 3077">
    <p class='ocr_par' dir='ltr' id='par_1_59' title="bbox 2350 3007 3925 3077">
     <span class='ocr_line' id='line_1_59' title="bbox 2350 3007 3925 3077; baseline 0.001 -17"><span class='ocrx_word' id='word_1_407' title='bbox 2350 3008 2720 3071; x_wconf 78' lang='grc' dir='ltr'>ὑποστάσεων,</span> <span class='ocrx_word' id='word_1_408' title='bbox 2755 3007 2851 3075; x_wconf 76' lang='grc' dir='ltr'>τὴν</span> <span class='ocrx_word' id='word_1_409' title='bbox 2888 3007 3170 3077; x_wconf 73' lang='grc' dir='ltr'>Μαρκέλου</span> <span class='ocrx_word' id='word_1_410' title='bbox 3219 3012 3313 3061; x_wconf 71' lang='grc' dir='ltr'>καὶ</span> <span class='ocrx_word' id='word_1_411' title='bbox 3350 3009 3615 3062; x_wconf 79' lang='grc' dir='ltr'>Φωτεινοῦ</span> <span class='ocrx_word' id='word_1_412' title='bbox 3673 3012 3773 3063; x_wconf 74' lang='grc' dir='ltr'>καὶ</span> <span class='ocrx_word' id='word_1_413' title='bbox 3803 3011 3925 3062; x_wconf 82' lang='grc' dir='ltr'><strong>Σω·</strong></span> 
     </span>
    </p>
   </div>
   <div class='ocr_carea' id='block_1_60' title="bbox 688 3090 2243 3186">
    <p class='ocr_par' dir='ltr' id='par_1_60' title="bbox 688 3090 2243 3166">
     <span class='ocr_line' id='line_1_60' title="bbox 688 3090 2243 3166; baseline 0.001 -19"><span class='ocrx_word' id='word_1_414' title='bbox 688 3096 1062 3163; x_wconf 82' lang='lat' dir='ltr'><strong>operationem</strong></span> <span class='ocrx_word' id='word_1_415' title='bbox 1112 3098 1419 3150; x_wconf 88' lang='lat' dir='ltr'><strong>naturalem</strong></span> <span class='ocrx_word' id='word_1_416' title='bbox 1469 3097 1633 3149; x_wconf 88' lang='lat' dir='ltr'><strong>trium</strong></span> <span class='ocrx_word' id='word_1_417' title='bbox 1666 3090 2067 3166; x_wconf 10' lang='lat' dir='ltr'><strong>rbypostaseon,</strong></span> <span class='ocrx_word' id='word_1_418' title='bbox 2109 3097 2243 3149; x_wconf 81' lang='lat' dir='ltr'><strong>Mar-</strong></span> 
     </span>
    </p>
   </div>
   <div class='ocr_carea' id='block_1_61' title="bbox 2349 3090 3928 3186">
    <p class='ocr_par' dir='ltr' id='par_1_61' title="bbox 2351 3100 3928 3171">
     <span class='ocr_line' id='line_1_61' title="bbox 2351 3100 3928 3171; baseline 0.001 -19"><span class='ocrx_word' id='word_1_419' title='bbox 2351 3100 2570 3169; x_wconf 80' lang='grc' dir='ltr'>φρονίου</span> <span class='ocrx_word' id='word_1_420' title='bbox 2616 3101 2827 3169; x_wconf 75' lang='grc' dir='ltr'>αἵρεσιν</span> <span class='ocrx_word' id='word_1_421' title='bbox 2867 3100 3033 3152; x_wconf 82' lang='grc' dir='ltr'>πάλαι</span> <span class='ocrx_word' id='word_1_422' title='bbox 3062 3101 3385 3169; x_wconf 76' lang='grc' dir='ltr'>τεθνηκυῖαν</span> <span class='ocrx_word' id='word_1_423' title='bbox 3419 3104 3513 3154; x_wconf 73' lang='grc' dir='ltr'><strong>καί¹</strong></span> <span class='ocrx_word' id='word_1_424' title='bbox 3557 3103 3928 3171; x_wconf 79' lang='grc' dir='ltr'>καταργηθῆ-</span> 
     </span>
    </p>
   </div>
   <div class='ocr_carea' id='block_1_62' title="bbox 690 3186 2243 3263">
    <p class='ocr_par' dir='ltr' id='par_1_62' title="bbox 690 3186 2243 3255">
     <span class='ocr_line' id='line_1_62' title="bbox 690 3186 2243 3255; baseline -0.001 -17"><span class='ocrx_word' id='word_1_425' title='bbox 690 3186 835 3249; x_wconf 86' lang='lat' dir='ltr'><strong>celli,</strong></span> <span class='ocrx_word' id='word_1_426' title='bbox 884 3195 937 3239; x_wconf 92' lang='lat' dir='ltr'><strong>ct</strong></span> <span class='ocrx_word' id='word_1_427' title='bbox 980 3186 1220 3248; x_wconf 75' lang='lat' dir='ltr'><strong>Pbotini,</strong></span> <span class='ocrx_word' id='word_1_428' title='bbox 1251 3200 1413 3255; x_wconf 88' lang='lat' dir='ltr'><strong>atque</strong></span> <span class='ocrx_word' id='word_1_429' title='bbox 1459 3186 1749 3255; x_wconf 82' lang='lat' dir='ltr'><strong>Sophrouii</strong></span> <span class='ocrx_word' id='word_1_430' title='bbox 1814 3186 2064 3239; x_wconf 68' lang='lat' dir='ltr'><strong>harresim</strong></span> <span class='ocrx_word' id='word_1_431' title='bbox 2118 3186 2243 3238; x_wconf 91' lang='lat' dir='ltr'><strong>olim</strong></span> 
     </span>
    </p>
   </div>
   <div class='ocr_carea' id='block_1_63' title="bbox 2349 3186 3920 3263">
    <p class='ocr_par' dir='ltr' id='par_1_63' title="bbox 2354 3191 3920 3263">
     <span class='ocr_line' id='line_1_63' title="bbox 2354 3191 3920 3263; baseline 0.003 -20"><span class='ocrx_word' id='word_1_432' title='bbox 2354 3209 2452 3244; x_wconf 83' lang='lat' dir='ltr'><strong>oav</strong></span> <span class='ocrx_word' id='word_1_433' title='bbox 2480 3194 2557 3252; x_wconf 86' lang='grc' dir='ltr'><strong>είς</strong></span> <span class='ocrx_word' id='word_1_434' title='bbox 2582 3191 2678 3259; x_wconf 82' lang='grc' dir='ltr'>τὴν</span> <span class='ocrx_word' id='word_1_435' title='bbox 2732 3192 3053 3260; x_wconf 77' lang='grc' dir='ltr'>Ἐκκλησίαν</span> <span class='ocrx_word' id='word_1_436' title='bbox 3097 3193 3271 3262; x_wconf 79' lang='grc' dir='ltr'>τολμᾷ</span> <span class='ocrx_word' id='word_1_437' title='bbox 3305 3194 3658 3263; x_wconf 80' lang='grc' dir='ltr'>παρεισάγειν</span> <span class='ocrx_word' id='word_1_438' title='bbox 3688 3194 3852 3247; x_wconf 89' lang='grc' dir='ltr'>Θεοῦ.</span> <span class='ocrx_word' id='word_1_439' title='bbox 3897 3213 3920 3247; x_wconf 71' lang='grc' dir='ltr'><strong>ι</strong></span> 
     </span>
    </p>
   </div>
   <div class='ocr_carea' id='block_1_64' title="bbox 690 3272 2243 3352">
    <p class='ocr_par' dir='ltr' id='par_1_64' title="bbox 690 3272 2243 3330">
     <span class='ocr_line' id='line_1_64' title="bbox 690 3272 2243 3330; baseline -0.003 -1"><span class='ocrx_word' id='word_1_440' title='bbox 690 3277 1025 3330; x_wconf 83' lang='lat' dir='ltr'><strong>demortuain</strong></span> <span class='ocrx_word' id='word_1_441' title='bbox 1074 3286 1129 3330; x_wconf 90' lang='lat' dir='ltr'><strong>et</strong></span> <span class='ocrx_word' id='word_1_442' title='bbox 1170 3277 1426 3329; x_wconf 81' lang='lat' dir='ltr'><strong>abolitam</strong></span> <span class='ocrx_word' id='word_1_443' title='bbox 1472 3279 1534 3329; x_wconf 83' lang='lat' dir='ltr'><strong>in</strong></span> <span class='ocrx_word' id='word_1_444' title='bbox 1589 3275 1882 3329; x_wconf 82' lang='lat' dir='ltr'><strong>Ecclesiam</strong></span> <span class='ocrx_word' id='word_1_445' title='bbox 1926 3274 2017 3329; x_wconf 90' lang='lat' dir='ltr'><strong>Dei</strong></span> <span class='ocrx_word' id='word_1_446' title='bbox 2088 3272 2243 3328; x_wconf 86' lang='lat' dir='ltr'><strong>audet</strong></span> 
     </span>
    </p>
   </div>
   <div class='ocr_carea' id='block_1_65' title="bbox 2349 3272 3926 3352">
    <p class='ocr_par' dir='ltr' id='par_1_65' title="bbox 2350 3278 3926 3352">
     <span class='ocr_line' id='line_1_65' title="bbox 2350 3278 3926 3352; baseline 0.001 -17"><span class='ocrx_word' id='word_1_447' title='bbox 2350 3281 2460 3335; x_wconf 78' lang='grc' dir='ltr'><strong>Καὶ</strong></span> <span class='ocrx_word' id='word_1_448' title='bbox 2489 3281 2605 3352; x_wconf 79' lang='grc' dir='ltr'>μετ’</span> <span class='ocrx_word' id='word_1_449' title='bbox 2636 3282 2822 3349; x_wconf 72' lang='grc' dir='ltr'>ὀλίγλ·</span> <span class='ocrx_word' id='word_1_450' title='bbox 2866 3300 2883 3331; x_wconf 79' lang='grc' dir='ltr'><strong>ι</strong></span> <span class='ocrx_word' id='word_1_451' title='bbox 2938 3281 3098 3348; x_wconf 84' lang='grc' dir='ltr'><strong>Ἡμῖν</strong></span> <span class='ocrx_word' id='word_1_452' title='bbox 3128 3278 3184 3335; x_wconf 77' lang='grc' dir='ltr'>δὲ</span> <span class='ocrx_word' id='word_1_453' title='bbox 3224 3282 3425 3351; x_wconf 80' lang='grc' dir='ltr'>ἀρτίως</span> <span class='ocrx_word' id='word_1_454' title='bbox 3452 3283 3479 3334; x_wconf 82' lang='grc' dir='ltr'><strong>ὁ</strong></span> <span class='ocrx_word' id='word_1_455' title='bbox 3499 3283 3657 3351; x_wconf 83' lang='grc' dir='ltr'>λόγος</span> <span class='ocrx_word' id='word_1_456' title='bbox 3686 3284 3748 3335; x_wconf 84' lang='grc' dir='ltr'><strong>ού</strong></span> <span class='ocrx_word' id='word_1_457' title='bbox 3785 3286 3926 3352; x_wconf 71' lang='grc' dir='ltr'>περὶ</span> 
     </span>
    </p>
   </div>
   <div class='ocr_carea' id='block_1_66' title="bbox 691 3356 2243 3443">
    <p class='ocr_par' dir='ltr' id='par_1_66' title="bbox 691 3356 2243 3437">
     <span class='ocr_line' id='line_1_66' title="bbox 691 3356 2243 3437; baseline -0.002 -15"><span class='ocrx_word' id='word_1_458' title='bbox 691 3356 969 3422; x_wconf 65' lang='lat' dir='ltr'><strong>inducere.</strong></span> <span class='ocrx_word' id='word_1_459' title='bbox 1021 3387 1039 3419; x_wconf 71' lang='grc' dir='ltr'><strong>ι</strong></span> <span class='ocrx_word' id='word_1_460' title='bbox 1090 3368 1151 3420; x_wconf 83' lang='grc' dir='ltr'>Ει</span> <span class='ocrx_word' id='word_1_461' title='bbox 1204 3371 1363 3436; x_wconf 70' lang='lat' dir='ltr'><strong>pauiu</strong></span> <span class='ocrx_word' id='word_1_462' title='bbox 1411 3378 1567 3437; x_wconf 54' lang='lat' dir='ltr'><strong>pust:</strong></span> <span class='ocrx_word' id='word_1_463' title='bbox 1616 3388 1632 3418; x_wconf 84' lang='grc' dir='ltr'><strong>ι</strong></span> <span class='ocrx_word' id='word_1_464' title='bbox 1669 3369 1836 3421; x_wconf 70' lang='lat' dir='ltr'><strong>Nobis</strong></span> <span class='ocrx_word' id='word_1_465' title='bbox 1885 3383 2012 3421; x_wconf 86' lang='lat' dir='ltr'><strong>vero</strong></span> <span class='ocrx_word' id='word_1_466' title='bbox 2089 3367 2243 3419; x_wconf 80' lang='lat' dir='ltr'><strong>modo</strong></span> 
     </span>
    </p>
   </div>
   <div class='ocr_carea' id='block_1_67' title="bbox 2349 3356 3927 3443">
    <p class='ocr_par' dir='ltr' id='par_1_67' title="bbox 2350 3372 3927 3443">
     <span class='ocr_line' id='line_1_67' title="bbox 2350 3372 3927 3443; baseline 0.001 -18"><span class='ocrx_word' id='word_1_467' title='bbox 2350 3372 2569 3443; x_wconf 79' lang='grc' dir='ltr'>ταύτης,</span> <span class='ocrx_word' id='word_1_468' title='bbox 2609 3372 2742 3425; x_wconf 81' lang='grc' dir='ltr'>ἀλλὰ</span> <span class='ocrx_word' id='word_1_469' title='bbox 2793 3373 3050 3442; x_wconf 77' lang='grc' dir='ltr'>περὶτῆς</span> <span class='ocrx_word' id='word_1_470' title='bbox 3103 3374 3287 3442; x_wconf 83' lang='grc' dir='ltr'>κοινῆς</span> <span class='ocrx_word' id='word_1_471' title='bbox 3333 3374 3431 3442; x_wconf 77' lang='grc' dir='ltr'>τῆς</span> <span class='ocrx_word' id='word_1_472' title='bbox 3477 3374 3927 3442; x_wconf 74' lang='grc' dir='ltr'>τρισυποστὰτου</span> 
     </span>
    </p>
   </div>
   <div class='ocr_carea' id='block_1_68' title="bbox 697 3458 2243 3529">
    <p class='ocr_par' dir='ltr' id='par_1_68' title="bbox 697 3459 2243 3525">
     <span class='ocr_line' id='line_1_68' title="bbox 697 3459 2243 3525; baseline -0.002 -12"><span class='ocrx_word' id='word_1_473' title='bbox 697 3468 1121 3514; x_wconf 71' lang='lat' dir='ltr'><strong>nuncst&#39;sermo</strong></span> <span class='ocrx_word' id='word_1_474' title='bbox 1160 3460 1224 3513; x_wconf 78' lang='lat' dir='ltr'><strong>de</strong></span> <span class='ocrx_word' id='word_1_475' title='bbox 1267 3461 1391 3523; x_wconf 81' lang='lat' dir='ltr'><strong>hac,</strong></span> <span class='ocrx_word' id='word_1_476' title='bbox 1436 3460 1531 3513; x_wconf 84' lang='lat' dir='ltr'><strong>sed</strong></span> <span class='ocrx_word' id='word_1_477' title='bbox 1581 3460 1648 3513; x_wconf 91' lang='lat' dir='ltr'><strong>de</strong></span> <span class='ocrx_word' id='word_1_478' title='bbox 1689 3459 1987 3522; x_wconf 84' lang='lat' dir='ltr'><strong>communi,</strong></span> <span class='ocrx_word' id='word_1_479' title='bbox 2028 3473 2145 3525; x_wconf 78' lang='lat' dir='ltr'><strong>qua:</strong></span> <span class='ocrx_word' id='word_1_480' title='bbox 2171 3469 2243 3511; x_wconf 89' lang='lat' dir='ltr'><strong>est</strong></span> 
     </span>
    </p>
   </div>
   <div class='ocr_carea' id='block_1_69' title="bbox 2349 3458 3930 3529">
    <p class='ocr_par' dir='ltr' id='par_1_69' title="bbox 2351 3458 3930 3529">
     <span class='ocr_line' id='line_1_69' title="bbox 2351 3458 3930 3529; baseline 0.004 -20"><span class='ocrx_word' id='word_1_481' title='bbox 2351 3458 2636 3526; x_wconf 81' lang='grc' dir='ltr'>Θεότητος,</span> <span class='ocrx_word' id='word_1_482' title='bbox 2668 3459 2787 3527; x_wconf 76' lang='grc' dir='ltr'>ἥτις</span> <span class='ocrx_word' id='word_1_483' title='bbox 2817 3459 2914 3526; x_wconf 83' lang='grc' dir='ltr'><strong>οὐχ</strong></span> <span class='ocrx_word' id='word_1_484' title='bbox 2944 3458 3238 3521; x_wconf 81' lang='grc' dir='ltr'>ὑπόστασίς</span> <span class='ocrx_word' id='word_1_485' title='bbox 3258 3462 3424 3526; x_wconf 80' lang='grc' dir='ltr'>ἐστιν,</span> <span class='ocrx_word' id='word_1_486' title='bbox 3459 3462 3593 3513; x_wconf 82' lang='grc' dir='ltr'>ἀλλὰ</span> <span class='ocrx_word' id='word_1_487' title='bbox 3620 3462 3782 3529; x_wconf 85' lang='grc' dir='ltr'>φύσει</span> <span class='ocrx_word' id='word_1_488' title='bbox 3824 3464 3930 3515; x_wconf 75' lang='grc' dir='ltr'>καὶ</span> 
     </span>
    </p>
   </div>
   <div class='ocr_carea' id='block_1_70' title="bbox 698 3544 2243 3627">
    <p class='ocr_par' dir='ltr' id='par_1_70' title="bbox 698 3544 2243 3627">
     <span class='ocr_line' id='line_1_70' title="bbox 698 3544 2243 3627; baseline -0.003 -24"><span class='ocrx_word' id='word_1_489' title='bbox 698 3552 862 3603; x_wconf 81' lang='lat' dir='ltr'><strong>unius</strong></span> <span class='ocrx_word' id='word_1_490' title='bbox 899 3544 1061 3623; x_wconf 68' lang='lat' dir='ltr'><strong>trium</strong></span> <span class='ocrx_word' id='word_1_491' title='bbox 1096 3565 1461 3618; x_wconf 87' lang='lat' dir='ltr'><strong>personarum</strong></span> <span class='ocrx_word' id='word_1_492' title='bbox 1494 3550 1746 3609; x_wconf 83' lang='lat' dir='ltr'><strong>Deitatis.</strong></span> <span class='ocrx_word' id='word_1_493' title='bbox 1788 3565 1909 3613; x_wconf 61' lang='lat' dir='ltr'><strong>qua!</strong></span> <span class='ocrx_word' id='word_1_494' title='bbox 1946 3546 2243 3627; x_wconf 79' lang='lat' dir='ltr'><strong>bypostasis</strong></span> 
     </span>
    </p>
   </div>
   <div class='ocr_carea' id='block_1_71' title="bbox 2349 3544 3927 3627">
    <p class='ocr_par' dir='ltr' id='par_1_71' title="bbox 2354 3548 3927 3622">
     <span class='ocr_line' id='line_1_71' title="bbox 2354 3548 3927 3622; baseline 0.005 -24"><span class='ocrx_word' id='word_1_495' title='bbox 2354 3548 2645 3616; x_wconf 76' lang='grc' dir='ltr'>ὑπερφυῶς</span> <span class='ocrx_word' id='word_1_496' title='bbox 2684 3548 2970 3615; x_wconf 85' lang='grc' dir='ltr'>πρόσεστιν</span> <span class='ocrx_word' id='word_1_497' title='bbox 3010 3551 3212 3621; x_wconf 79' lang='grc' dir='ltr'>ἑκάστῃ</span> <span class='ocrx_word' id='word_1_498' title='bbox 3259 3552 3367 3605; x_wconf 85' lang='grc' dir='ltr'><strong>τῶν</strong></span> <span class='ocrx_word' id='word_1_499' title='bbox 3418 3553 3724 3622; x_wconf 81' lang='grc' dir='ltr'>θεαρχικῶν</span> <span class='ocrx_word' id='word_1_500' title='bbox 3780 3556 3927 3606; x_wconf 54' lang='grc' dir='ltr'>ὑπο.</span> 
     </span>
    </p>
   </div>
   <div class='ocr_carea' id='block_1_72' title="bbox 700 3628 2254 3702">
    <p class='ocr_par' dir='ltr' id='par_1_72' title="bbox 700 3628 2254 3702">
     <span class='ocr_line' id='line_1_72' title="bbox 700 3628 2254 3702; baseline -0.002 -11"><span class='ocrx_word' id='word_1_501' title='bbox 700 3657 805 3692; x_wconf 87' lang='lat' dir='ltr'><strong>non</strong></span> <span class='ocrx_word' id='word_1_502' title='bbox 862 3649 966 3702; x_wconf 87' lang='lat' dir='ltr'><strong>est,</strong></span> <span class='ocrx_word' id='word_1_503' title='bbox 1026 3641 1120 3692; x_wconf 88' lang='lat' dir='ltr'><strong>sed</strong></span> <span class='ocrx_word' id='word_1_504' title='bbox 1170 3650 1387 3697; x_wconf 80' lang='lat' dir='ltr'><strong>natura,</strong></span> <span class='ocrx_word' id='word_1_505' title='bbox 1442 3649 1495 3692; x_wconf 91' lang='lat' dir='ltr'><strong>et</strong></span> <span class='ocrx_word' id='word_1_506' title='bbox 1553 3638 2043 3702; x_wconf 82' lang='lat' dir='ltr'><strong>supernaturaliter</strong></span> <span class='ocrx_word' id='word_1_507' title='bbox 2101 3628 2254 3689; x_wconf 81' lang='lat' dir='ltr'><strong>adest</strong></span> 
     </span>
    </p>
   </div>
   <div class='ocr_carea' id='block_1_73' title="bbox 688 3730 1813 3799">
    <p class='ocr_par' dir='ltr' id='par_1_73' title="bbox 688 3730 1813 3799">
     <span class='ocr_line' id='line_1_73' title="bbox 688 3730 1813 3799; baseline -0.004 -18"><span class='ocrx_word' id='word_1_508' title='bbox 688 3730 986 3797; x_wconf 80' lang='lat' dir='ltr'><strong>unicuique</strong></span> <span class='ocrx_word' id='word_1_509' title='bbox 1018 3730 1324 3781; x_wconf 83' lang='lat' dir='ltr'><strong>divinarum</strong></span> <span class='ocrx_word' id='word_1_510' title='bbox 1356 3730 1477 3799; x_wconf 87' lang='lat' dir='ltr'><strong>byp:</strong></span> <span class='ocrx_word' id='word_1_511' title='bbox 1501 3738 1737 3782; x_wconf 76' lang='lat' dir='ltr'><strong>SlJSCOll.</strong></span> <span class='ocrx_word' id='word_1_512' title='bbox 1772 3731 1813 3777; x_wconf 67' lang='lat' dir='ltr'><strong>i‘</strong></span> 
     </span>
    </p>
   </div>
   <div class='ocr_carea' id='block_1_74' title="bbox 772 3814 2252 3887">
    <p class='ocr_par' dir='ltr' id='par_1_74' title="bbox 772 3814 2252 3887">
     <span class='ocr_line' id='line_1_74' title="bbox 772 3814 2252 3887; baseline -0.003 -15"><span class='ocrx_word' id='word_1_513' title='bbox 772 3820 1042 3873; x_wconf 70' lang='lat' dir='ltr'><strong>Prmtcrea</strong></span> <span class='ocrx_word' id='word_1_514' title='bbox 1091 3819 1459 3887; x_wconf 79' lang='lat' dir='ltr'><strong>doglnatizanl</strong></span> <span class='ocrx_word' id='word_1_515' title='bbox 1500 3832 1597 3869; x_wconf 88' lang='lat' dir='ltr'><strong>eos</strong></span> <span class='ocrx_word' id='word_1_516' title='bbox 1638 3818 1729 3885; x_wconf 90' lang='lat' dir='ltr'><strong>qui</strong></span> <span class='ocrx_word' id='word_1_517' title='bbox 1770 3814 1910 3883; x_wconf 86' lang='lat' dir='ltr'><strong>apud</strong></span> <span class='ocrx_word' id='word_1_518' title='bbox 1945 3816 2091 3884; x_wconf 89' lang='lat' dir='ltr'><strong>ipsos</strong></span> <span class='ocrx_word' id='word_1_519' title='bbox 2125 3830 2252 3883; x_wconf 84' lang='lat' dir='ltr'><strong>pur-</strong></span> 
     </span>
    </p>
   </div>
   <div class='ocr_carea' id='block_1_75' title="bbox 696 3907 2256 3983">
    <p class='ocr_par' dir='ltr' id='par_1_75' title="bbox 696 3907 2256 3983">
     <span class='ocr_line' id='line_1_75' title="bbox 696 3907 2256 3983; baseline -0.002 -21"><span class='ocrx_word' id='word_1_520' title='bbox 696 3919 908 3977; x_wconf 86' lang='lat' dir='ltr'><strong>gantur,</strong></span> <span class='ocrx_word' id='word_1_521' title='bbox 948 3918 1003 3962; x_wconf 91' lang='lat' dir='ltr'><strong>et</strong></span> <span class='ocrx_word' id='word_1_522' title='bbox 1043 3910 1308 3983; x_wconf 74' lang='lat' dir='ltr'><strong>ejusmodi</strong></span> <span class='ocrx_word' id='word_1_523' title='bbox 1351 3907 1727 3975; x_wconf 69' lang='lat' dir='ltr'><strong>onerationum</strong></span> <span class='ocrx_word' id='word_1_524' title='bbox 1783 3907 1995 3968; x_wconf 79' lang='lat' dir='ltr'><strong>cii‘ecta,</strong></span> <span class='ocrx_word' id='word_1_525' title='bbox 2044 3907 2256 3959; x_wconf 89' lang='lat' dir='ltr'><strong>increa-</strong></span> 
     </span>
    </p>
   </div>
   <div class='ocr_carea' id='block_1_76' title="bbox 699 3997 2253 4065">
    <p class='ocr_par' dir='ltr' id='par_1_76' title="bbox 699 3997 2253 4065">
     <span class='ocr_line' id='line_1_76' title="bbox 699 3997 2253 4065; baseline -0.001 -13"><span class='ocrx_word' id='word_1_526' title='bbox 699 4011 802 4060; x_wconf 83' lang='lat' dir='ltr'><strong>tns,</strong></span> <span class='ocrx_word' id='word_1_527' title='bbox 848 4009 902 4053; x_wconf 86' lang='lat' dir='ltr'><strong>et</strong></span> <span class='ocrx_word' id='word_1_528' title='bbox 940 4000 1189 4053; x_wconf 61' lang='lat' dir='ltr'><strong>‘increata</strong></span> <span class='ocrx_word' id='word_1_529' title='bbox 1239 3998 1496 4051; x_wconf 81' lang='lat' dir='ltr'><strong>evadere.</strong></span> <span class='ocrx_word' id='word_1_530' title='bbox 1552 4000 1725 4065; x_wconf 83' lang='lat' dir='ltr'><strong>Atque</strong></span> <span class='ocrx_word' id='word_1_531' title='bbox 1767 4000 1841 4049; x_wconf 91' lang='lat' dir='ltr'><strong>ait</strong></span> <span class='ocrx_word' id='word_1_532' title='bbox 1891 3998 2138 4051; x_wconf 83' lang='lat' dir='ltr'><strong>Palamas</strong></span> <span class='ocrx_word' id='word_1_533' title='bbox 2200 3997 2253 4051; x_wconf 92' lang='lat' dir='ltr'><strong>in</strong></span> 
     </span>
    </p>
   </div>
   <div class='ocr_carea' id='block_1_77' title="bbox 690 4085 2259 4159">
    <p class='ocr_par' dir='ltr' id='par_1_77' title="bbox 690 4085 2259 4159">
     <span class='ocr_line' id='line_1_77' title="bbox 690 4085 2259 4159; baseline -0.003 -16"><span class='ocrx_word' id='word_1_534' title='bbox 690 4090 931 4159; x_wconf 84' lang='lat' dir='ltr'><strong>.epistola</strong></span> <span class='ocrx_word' id='word_1_535' title='bbox 958 4089 1024 4140; x_wconf 91' lang='lat' dir='ltr'><strong>ad</strong></span> <span class='ocrx_word' id='word_1_536' title='bbox 1068 4088 1407 4157; x_wconf 77' lang='lat' dir='ltr'><strong>Aeindynum</strong></span> <span class='ocrx_word' id='word_1_537' title='bbox 1435 4105 1449 4143; x_wconf 88' lang='lat'>:</span> <span class='ocrx_word' id='word_1_538' title='bbox 1483 4104 1502 4136; x_wconf 81' lang='grc' dir='ltr'><strong>ι</strong></span> <span class='ocrx_word' id='word_1_539' title='bbox 1538 4087 1771 4141; x_wconf 76' lang='lat' dir='ltr'><strong>Videsne</strong></span> <span class='ocrx_word' id='word_1_540' title='bbox 1824 4087 1966 4140; x_wconf 85' lang='lat' dir='ltr'><strong>clare</strong></span> <span class='ocrx_word' id='word_1_541' title='bbox 1997 4085 2142 4154; x_wconf 88' lang='lat' dir='ltr'><strong>quod</strong></span> <span class='ocrx_word' id='word_1_542' title='bbox 2176 4086 2259 4139; x_wconf 77' lang='lat' dir='ltr'><strong>in-</strong></span> 
     </span>
    </p>
   </div>
   <div class='ocr_carea' id='block_1_78' title="bbox 698 4175 2257 4248">
    <p class='ocr_par' dir='ltr' id='par_1_78' title="bbox 698 4175 2257 4248">
     <span class='ocr_line' id='line_1_78' title="bbox 698 4175 2257 4248; baseline -0.002 -14"><span class='ocrx_word' id='word_1_543' title='bbox 698 4190 887 4234; x_wconf 86' lang='lat' dir='ltr'><strong>crcata</strong></span> <span class='ocrx_word' id='word_1_544' title='bbox 944 4180 1013 4233; x_wconf 89' lang='lat' dir='ltr'><strong>sit</strong></span> <span class='ocrx_word' id='word_1_545' title='bbox 1060 4179 1265 4248; x_wconf 82' lang='lat' dir='ltr'><strong>gratia?</strong></span> <span class='ocrx_word' id='word_1_546' title='bbox 1321 4175 1442 4232; x_wconf 88' lang='lat' dir='ltr'><strong>Non</strong></span> <span class='ocrx_word' id='word_1_547' title='bbox 1493 4186 1702 4232; x_wconf 87' lang='lat' dir='ltr'><strong>tantum</strong></span> <span class='ocrx_word' id='word_1_548' title='bbox 1756 4186 1936 4231; x_wconf 87' lang='lat' dir='ltr'><strong>autem</strong></span> <span class='ocrx_word' id='word_1_549' title='bbox 1989 4176 2257 4247; x_wconf 84' lang='lat' dir='ltr'><strong>ejusmodi</strong></span> 
     </span>
    </p>
   </div>
   <div class='ocr_carea' id='block_1_79' title="bbox 701 4266 2257 4340">
    <p class='ocr_par' dir='ltr' id='par_1_79' title="bbox 701 4266 2257 4340">
     <span class='ocr_line' id='line_1_79' title="bbox 701 4266 2257 4340; baseline -0.003 -16"><span class='ocrx_word' id='word_1_550' title='bbox 701 4272 878 4340; x_wconf 82' lang='lat' dir='ltr'><strong>gratia</strong></span> <span class='ocrx_word' id='word_1_551' title='bbox 910 4281 993 4324; x_wconf 91' lang='lat' dir='ltr'><strong>est</strong></span> <span class='ocrx_word' id='word_1_552' title='bbox 1025 4269 1285 4333; x_wconf 82' lang='lat' dir='ltr'><strong>iuereata,</strong></span> <span class='ocrx_word' id='word_1_553' title='bbox 1320 4268 1416 4322; x_wconf 82' lang='lat' dir='ltr'><strong>sed</strong></span> <span class='ocrx_word' id='word_1_554' title='bbox 1450 4278 1517 4323; x_wconf 85' lang='lat' dir='ltr'><strong>et</strong></span> <span class='ocrx_word' id='word_1_555' title='bbox 1537 4268 1785 4321; x_wconf 69' lang='lat' dir='ltr'><strong>eﬂectum</strong></span> <span class='ocrx_word' id='word_1_556' title='bbox 1818 4266 2127 4339; x_wconf 80' lang='lat' dir='ltr'><strong>hujusmodi</strong></span> <span class='ocrx_word' id='word_1_557' title='bbox 2162 4266 2257 4321; x_wconf 90' lang='lat' dir='ltr'><strong>Dei</strong></span> 
     </span>
    </p>
   </div>
   <div class='ocr_carea' id='block_1_80' title="bbox 697 4356 2260 4430">
    <p class='ocr_par' dir='ltr' id='par_1_80' title="bbox 697 4356 2260 4430">
     <span class='ocr_line' id='line_1_80' title="bbox 697 4356 2260 4430; baseline -0.003 -15"><span class='ocrx_word' id='word_1_558' title='bbox 697 4359 1037 4430; x_wconf 84' lang='lat' dir='ltr'><strong>operationis</strong></span> <span class='ocrx_word' id='word_1_559' title='bbox 1072 4360 1375 4414; x_wconf 88' lang='lat' dir='ltr'><strong>increatum</strong></span> <span class='ocrx_word' id='word_1_560' title='bbox 1404 4371 1508 4412; x_wconf 86' lang='lat' dir='ltr'><strong>est.</strong></span> <span class='ocrx_word' id='word_1_561' title='bbox 1534 4356 1829 4426; x_wconf 87' lang='lat' dir='ltr'><strong>Propterea</strong></span> <span class='ocrx_word' id='word_1_562' title='bbox 1873 4358 2039 4427; x_wconf 80' lang='lat' dir='ltr'><strong>igitur</strong></span> <span class='ocrx_word' id='word_1_563' title='bbox 2070 4366 2124 4412; x_wconf 89' lang='lat' dir='ltr'><strong>et</strong></span> <span class='ocrx_word' id='word_1_564' title='bbox 2148 4372 2260 4410; x_wconf 85' lang='lat' dir='ltr'><strong>ma-</strong></span> 
     </span>
    </p>
   </div>
   <div class='ocr_carea' id='block_1_81' title="bbox 2356 3638 2689 3690">
    <p class='ocr_par' dir='ltr' id='par_1_81' title="bbox 2356 3638 2689 3690">
     <span class='ocr_line' id='line_1_81' title="bbox 2356 3638 2689 3690; baseline 0.006 -2"><span class='ocrx_word' id='word_1_565' title='bbox 2356 3638 2621 3690; x_wconf 85' lang='grc' dir='ltr'>στάσεων.</span> <span class='ocrx_word' id='word_1_566' title='bbox 2670 3657 2689 3689; x_wconf 73' lang='grc' dir='ltr'><strong>ι</strong></span> 
     </span>
    </p>
   </div>
   <div class='ocr_carea' id='block_1_82' title="bbox 2430 3818 3931 3890">
    <p class='ocr_par' dir='ltr' id='par_1_82' title="bbox 2430 3818 3931 3890">
     <span class='ocr_line' id='line_1_82' title="bbox 2430 3818 3931 3890; baseline 0.003 -20"><span class='ocrx_word' id='word_1_567' title='bbox 2430 3818 2969 3887; x_wconf 79' lang='grc' dir='ltr'>Ἐτιδογιιατίζουσι</span> <span class='ocrx_word' id='word_1_568' title='bbox 3009 3821 3134 3882; x_wconf 71' lang='grc' dir='ltr'>τοὺς</span> <span class='ocrx_word' id='word_1_569' title='bbox 3175 3819 3304 3888; x_wconf 85' lang='grc' dir='ltr'>παρ’</span> <span class='ocrx_word' id='word_1_570' title='bbox 3338 3820 3518 3878; x_wconf 84' lang='grc' dir='ltr'>αὐτοῖς</span> <span class='ocrx_word' id='word_1_571' title='bbox 3568 3821 3931 3890; x_wconf 82' lang='grc' dir='ltr'>κεκαθαρμέ-</span> 
     </span>
    </p>
   </div>
   <div class='ocr_carea' id='block_1_83' title="bbox 2355 3908 3932 3978">
    <p class='ocr_par' dir='ltr' id='par_1_83' title="bbox 2355 3908 3932 3978">
     <span class='ocr_line' id='line_1_83' title="bbox 2355 3908 3932 3978; baseline 0.002 -17"><span class='ocrx_word' id='word_1_572' title='bbox 2355 3926 2477 3971; x_wconf 91' lang='grc' dir='ltr'>νους</span> <span class='ocrx_word' id='word_1_573' title='bbox 2516 3909 2611 3961; x_wconf 68' lang='grc' dir='ltr'>καὶ</span> <span class='ocrx_word' id='word_1_574' title='bbox 2640 3908 2708 3961; x_wconf 82' lang='grc' dir='ltr'><strong>τὸ.</strong></span> <span class='ocrx_word' id='word_1_575' title='bbox 2737 3908 2844 3960; x_wconf 84' lang='grc' dir='ltr'><strong>τῶν</strong></span> <span class='ocrx_word' id='word_1_576' title='bbox 2881 3908 3136 3963; x_wconf 84' lang='grc' dir='ltr'>τοιούτων</span> <span class='ocrx_word' id='word_1_577' title='bbox 3175 3910 3466 3978; x_wconf 77' lang='grc' dir='ltr'>ἐνεργειῶν</span> <span class='ocrx_word' id='word_1_578' title='bbox 3495 3909 3932 3977; x_wconf 76' lang='grc' dir='ltr'>ἀποτελέσματα</span> 
     </span>
    </p>
   </div>
   <div class='ocr_carea' id='block_1_84' title="bbox 2354 3990 3933 4069">
    <p class='ocr_par' dir='ltr' id='par_1_84' title="bbox 2354 3990 3933 4069">
     <span class='ocr_line' id='line_1_84' title="bbox 2354 3990 3933 4069; baseline 0.003 -19"><span class='ocrx_word' id='word_1_579' title='bbox 2354 3997 2640 4061; x_wconf 80' lang='grc' dir='ltr'>ἀκτίστους</span> <span class='ocrx_word' id='word_1_580' title='bbox 2689 3999 2783 4050; x_wconf 71' lang='grc' dir='ltr'>καὶ</span> <span class='ocrx_word' id='word_1_581' title='bbox 2831 3990 3062 4051; x_wconf 75' lang='grc' dir='ltr'>ἄκτιστα</span> <span class='ocrx_word' id='word_1_582' title='bbox 3114 3998 3509 4052; x_wconf 80' lang='grc' dir='ltr'>ἀποτελεῖσθαι.</span> <span class='ocrx_word' id='word_1_583' title='bbox 3550 4000 3657 4052; x_wconf 73' lang='grc' dir='ltr'>Καί</span> <span class='ocrx_word' id='word_1_584' title='bbox 3695 4017 3871 4069; x_wconf 81' lang='grc' dir='ltr'>φησιν</span> <span class='ocrx_word' id='word_1_585' title='bbox 3899 4003 3933 4054; x_wconf 77' lang='grc'>6</span> 
     </span>
    </p>
   </div>
   <div class='ocr_carea' id='block_1_85' title="bbox 2356 4087 3930 4160">
    <p class='ocr_par' dir='ltr' id='par_1_85' title="bbox 2356 4087 3930 4160">
     <span class='ocr_line' id='line_1_85' title="bbox 2356 4087 3930 4160; baseline 0.001 -20"><span class='ocrx_word' id='word_1_586' title='bbox 2356 4087 2621 4157; x_wconf 75' lang='grc' dir='ltr'>Παλαμᾶς</span> <span class='ocrx_word' id='word_1_587' title='bbox 2681 4090 2739 4141; x_wconf 83' lang='grc' dir='ltr'><strong>ἐν</strong></span> <span class='ocrx_word' id='word_1_588' title='bbox 2785 4090 2852 4158; x_wconf 77' lang='grc' dir='ltr'><strong>τῇ</strong></span> <span class='ocrx_word' id='word_1_589' title='bbox 2918 4087 3053 4157; x_wconf 80' lang='grc' dir='ltr'>πρὸς</span> <span class='ocrx_word' id='word_1_590' title='bbox 3114 4090 3203 4139; x_wconf 74' lang='grc' dir='ltr'>τὸν</span> <span class='ocrx_word' id='word_1_591' title='bbox 3263 4088 3566 4143; x_wconf 79' lang='grc' dir='ltr'>Ἀκίνδυνον</span> <span class='ocrx_word' id='word_1_592' title='bbox 3621 4088 3930 4160; x_wconf 72' lang='grc' dir='ltr'>ἐπιστολῇ·</span> 
     </span>
    </p>
   </div>
   <div class='ocr_carea' id='block_1_86' title="bbox 2362 4172 3935 4252">
    <p class='ocr_par' dir='ltr' id='par_1_86' title="bbox 2362 4172 3935 4252">
     <span class='ocr_line' id='line_1_86' title="bbox 2362 4172 3935 4252; baseline 0.001 -21"><span class='ocrx_word' id='word_1_593' title='bbox 2362 4172 2382 4231; x_wconf 61' lang='grc' dir='ltr'><strong>ε</strong></span> <span class='ocrx_word' id='word_1_594' title='bbox 2432 4179 2596 4248; x_wconf 76' lang='grc' dir='ltr'>Ὁρᾷς</span> <span class='ocrx_word' id='word_1_595' title='bbox 2643 4176 2851 4252; x_wconf 74' lang='grc' dir='ltr'>σαφῶς,</span> <span class='ocrx_word' id='word_1_596' title='bbox 2910 4179 2995 4231; x_wconf 87' lang='grc' dir='ltr'>ὅτι</span> <span class='ocrx_word' id='word_1_597' title='bbox 3044 4178 3297 4240; x_wconf 79' lang='grc' dir='ltr'>ἄκτιστος</span> <span class='ocrx_word' id='word_1_598' title='bbox 3332 4178 3365 4246; x_wconf 79' lang='grc' dir='ltr'><strong>ἡ</strong></span> <span class='ocrx_word' id='word_1_599' title='bbox 3405 4177 3584 4247; x_wconf 81' lang='grc' dir='ltr'>χάρις.</span> <span class='ocrx_word' id='word_1_600' title='bbox 3636 4178 3715 4230; x_wconf 82' lang='grc' dir='ltr'><strong>οὐ</strong></span> <span class='ocrx_word' id='word_1_601' title='bbox 3759 4179 3935 4246; x_wconf 67' lang='grc' dir='ltr'>μόνον</span> 
     </span>
    </p>
   </div>
   <div class='ocr_carea' id='block_1_87' title="bbox 2357 4264 3935 4335">
    <p class='ocr_par' dir='ltr' id='par_1_87' title="bbox 2357 4264 3935 4335">
     <span class='ocr_line' id='line_1_87' title="bbox 2357 4264 3935 4335; baseline 0.003 -18"><span class='ocrx_word' id='word_1_602' title='bbox 2357 4265 2415 4319; x_wconf 80' lang='grc' dir='ltr'><strong>δέ</strong></span> <span class='ocrx_word' id='word_1_603' title='bbox 2447 4266 2479 4334; x_wconf 83' lang='grc' dir='ltr'>ἠ</span> <span class='ocrx_word' id='word_1_604' title='bbox 2516 4265 2742 4335; x_wconf 78' lang='grc' dir='ltr'>τοιαύτη</span> <span class='ocrx_word' id='word_1_605' title='bbox 2789 4264 2948 4335; x_wconf 79' lang='grc' dir='ltr'>χάρις</span> <span class='ocrx_word' id='word_1_606' title='bbox 3000 4264 3253 4329; x_wconf 80' lang='grc' dir='ltr'>ἄκτιστός</span> <span class='ocrx_word' id='word_1_607' title='bbox 3316 4266 3485 4328; x_wconf 80' lang='grc' dir='ltr'>ἐστιν,</span> <span class='ocrx_word' id='word_1_608' title='bbox 3526 4264 3661 4318; x_wconf 75' lang='grc' dir='ltr'>ἀλλὰ</span> <span class='ocrx_word' id='word_1_609' title='bbox 3710 4268 3811 4320; x_wconf 83' lang='grc' dir='ltr'>καὶ</span> <span class='ocrx_word' id='word_1_610' title='bbox 3868 4268 3935 4322; x_wconf 72' lang='grc' dir='ltr'><strong>τὸ</strong></span> 
     </span>
    </p>
   </div>
   <div class='ocr_carea' id='block_1_88' title="bbox 2359 4354 3938 4430">
    <p class='ocr_par' dir='ltr' id='par_1_88' title="bbox 2359 4354 3938 4430">
     <span class='ocr_line' id='line_1_88' title="bbox 2359 4354 3938 4430; baseline 0.004 -24"><span class='ocrx_word' id='word_1_611' title='bbox 2359 4355 2703 4430; x_wconf 81' lang='grc' dir='ltr'>ἀποτέλεσμα</span> <span class='ocrx_word' id='word_1_612' title='bbox 2748 4358 2846 4423; x_wconf 72' lang='grc' dir='ltr'>τῆς</span> <span class='ocrx_word' id='word_1_613' title='bbox 2871 4354 2964 4408; x_wconf 89' lang='grc' dir='ltr'><strong>τοῦ</strong></span> <span class='ocrx_word' id='word_1_614' title='bbox 2998 4356 3131 4410; x_wconf 87' lang='grc' dir='ltr'>Θεοῦ</span> <span class='ocrx_word' id='word_1_615' title='bbox 3169 4355 3440 4426; x_wconf 58' lang='grc' dir='ltr'>τοιαύτης,</span> <span class='ocrx_word' id='word_1_616' title='bbox 3463 4355 3743 4427; x_wconf 77' lang='grc' dir='ltr'>ἐνεργείας</span> <span class='ocrx_word' id='word_1_617' title='bbox 3770 4358 3938 4412; x_wconf 68' lang='lat' dir='ltr'><strong>Exu-</strong></span> 
     </span>
    </p>
   </div>
   <div class='ocr_carea' id='block_1_89' title="bbox 706 4445 2243 4517">
    <p class='ocr_par' dir='ltr' id='par_1_89' title="bbox 706 4447 2243 4516">
     <span class='ocr_line' id='line_1_89' title="bbox 706 4447 2243 4516; baseline -0.001 -16"><span class='ocrx_word' id='word_1_618' title='bbox 706 4465 845 4516; x_wconf 79' lang='lat' dir='ltr'><strong>gnus</strong></span> <span class='ocrx_word' id='word_1_619' title='bbox 870 4448 1071 4502; x_wconf 84' lang='lat' dir='ltr'><strong>Paulus</strong></span> <span class='ocrx_word' id='word_1_620' title='bbox 1101 4463 1227 4501; x_wconf 90' lang='lat' dir='ltr'><strong>cum</strong></span> <span class='ocrx_word' id='word_1_621' title='bbox 1255 4448 1624 4515; x_wconf 84' lang='lat' dir='ltr'><strong>nonamplius</strong></span> <span class='ocrx_word' id='word_1_622' title='bbox 1668 4447 1875 4500; x_wconf 79' lang='lat' dir='ltr'><strong>viveret</strong></span> <span class='ocrx_word' id='word_1_623' title='bbox 1908 4447 2243 4515; x_wconf 81' lang='lat' dir='ltr'><strong>temporalcu</strong></span> 
     </span>
    </p>
   </div>
   <div class='ocr_carea' id='block_1_90' title="bbox 2349 4445 3934 4517">
    <p class='ocr_par' dir='ltr' id='par_1_90' title="bbox 2362 4446 3934 4517">
     <span class='ocr_line' id='line_1_90' title="bbox 2362 4446 3934 4517; baseline 0.002 -18"><span class='ocrx_word' id='word_1_624' title='bbox 2362 4446 2485 4499; x_wconf 86' lang='grc' dir='ltr'>στόν</span> <span class='ocrx_word' id='word_1_625' title='bbox 2508 4448 2643 4501; x_wconf 81' lang='grc' dir='ltr'>ἐστι.</span> <span class='ocrx_word' id='word_1_626' title='bbox 2679 4447 2847 4515; x_wconf 32' lang='grc' dir='ltr'>Ταῦτ’,</span> <span class='ocrx_word' id='word_1_627' title='bbox 2882 4448 2987 4516; x_wconf 79' lang='grc' dir='ltr'>ἄρα</span> <span class='ocrx_word' id='word_1_628' title='bbox 3020 4447 3114 4499; x_wconf 77' lang='grc' dir='ltr'>καὶ</span> <span class='ocrx_word' id='word_1_629' title='bbox 3144 4449 3171 4499; x_wconf 83' lang='grc' dir='ltr'><strong>ὁ</strong></span> <span class='ocrx_word' id='word_1_630' title='bbox 3212 4448 3384 4516; x_wconf 80' lang='grc' dir='ltr'>μέγας</span> <span class='ocrx_word' id='word_1_631' title='bbox 3410 4446 3619 4509; x_wconf 79' lang='grc' dir='ltr'>Παῦλος</span> <span class='ocrx_word' id='word_1_632' title='bbox 3658 4447 3762 4516; x_wconf 79' lang='grc' dir='ltr'>τὴν</span> <span class='ocrx_word' id='word_1_633' title='bbox 3787 4466 3934 4517; x_wconf 82' lang='grc' dir='ltr'>χρο-</span> 
     </span>
    </p>
   </div>
   <div class='ocr_carea' id='block_1_91' title="bbox 700 4536 2257 4605">
    <p class='ocr_par' dir='ltr' id='par_1_91' title="bbox 700 4536 2257 4605">
     <span class='ocr_line' id='line_1_91' title="bbox 700 4536 2257 4605; baseline -0.003 -13"><span class='ocrx_word' id='word_1_634' title='bbox 700 4539 849 4597; x_wconf 83' lang='lat' dir='ltr'><strong>,hanc</strong></span> <span class='ocrx_word' id='word_1_635' title='bbox 887 4539 1071 4600; x_wconf 87' lang='lat' dir='ltr'><strong>vitam,</strong></span> <span class='ocrx_word' id='word_1_636' title='bbox 1102 4538 1194 4591; x_wconf 89' lang='lat' dir='ltr'><strong>sed</strong></span> <span class='ocrx_word' id='word_1_637' title='bbox 1227 4552 1346 4591; x_wconf 86' lang='lat' dir='ltr'><strong>eam</strong></span> <span class='ocrx_word' id='word_1_638' title='bbox 1376 4553 1494 4605; x_wconf 75' lang='lat' dir='ltr'><strong>qua:</strong></span> <span class='ocrx_word' id='word_1_639' title='bbox 1528 4546 1648 4589; x_wconf 86' lang='lat' dir='ltr'><strong>erat</strong></span> <span class='ocrx_word' id='word_1_640' title='bbox 1683 4537 2039 4591; x_wconf 85' lang='lat' dir='ltr'><strong>inhabitantis</strong></span> <span class='ocrx_word' id='word_1_641' title='bbox 2070 4536 2257 4602; x_wconf 75' lang='lat' dir='ltr'><strong>Verbi,</strong></span> 
     </span>
    </p>
   </div>
   <div class='ocr_carea' id='block_1_92' title="bbox 699 4624 2261 4694">
    <p class='ocr_par' dir='ltr' id='par_1_92' title="bbox 699 4624 2261 4694">
     <span class='ocr_line' id='line_1_92' title="bbox 699 4624 2261 4694; baseline -0.001 -13"><span class='ocrx_word' id='word_1_642' title='bbox 699 4628 947 4681; x_wconf 84' lang='lat' dir='ltr'><strong>.divinam</strong></span> <span class='ocrx_word' id='word_1_643' title='bbox 981 4638 1036 4681; x_wconf 88' lang='lat' dir='ltr'><strong>et</strong></span> <span class='ocrx_word' id='word_1_644' title='bbox 1091 4637 1371 4691; x_wconf 75' lang='lat' dir='ltr'><strong>aeternam,</strong></span> <span class='ocrx_word' id='word_1_645' title='bbox 1404 4627 1520 4679; x_wconf 91' lang='lat' dir='ltr'><strong>sine</strong></span> <span class='ocrx_word' id='word_1_646' title='bbox 1576 4624 1845 4694; x_wconf 86' lang='lat' dir='ltr'><strong>principio</strong></span> <span class='ocrx_word' id='word_1_647' title='bbox 1874 4625 2044 4680; x_wconf 81' lang='lat' dir='ltr'><strong>factus</strong></span> <span class='ocrx_word' id='word_1_648' title='bbox 2070 4636 2176 4690; x_wconf 83' lang='lat' dir='ltr'><strong>est,</strong></span> <span class='ocrx_word' id='word_1_649' title='bbox 2205 4635 2261 4680; x_wconf 86' lang='lat' dir='ltr'><strong>et</strong></span> 
     </span>
    </p>
   </div>
   <div class='ocr_carea' id='block_1_93' title="bbox 712 4715 2261 4786">
    <p class='ocr_par' dir='ltr' id='par_1_93' title="bbox 712 4715 2261 4786">
     <span class='ocr_line' id='line_1_93' title="bbox 712 4715 2261 4786; baseline 0.001 -17"><span class='ocrx_word' id='word_1_650' title='bbox 712 4718 829 4776; x_wconf 82' lang='lat' dir='ltr'><strong>sine</strong></span> <span class='ocrx_word' id='word_1_651' title='bbox 859 4717 962 4771; x_wconf 86' lang='lat' dir='ltr'><strong>llne</strong></span> <span class='ocrx_word' id='word_1_652' title='bbox 996 4733 1091 4786; x_wconf 86' lang='lat' dir='ltr'><strong>per</strong></span> <span class='ocrx_word' id='word_1_653' title='bbox 1123 4720 1370 4786; x_wconf 75' lang='lat' dir='ltr'><strong>gratiam.</strong></span> <span class='ocrx_word' id='word_1_654' title='bbox 1422 4735 1439 4766; x_wconf 75' lang='grc' dir='ltr'><strong>ι</strong></span> <span class='ocrx_word' id='word_1_655' title='bbox 1484 4716 1547 4769; x_wconf 79' lang='lat' dir='ltr'><strong>Et</strong></span> <span class='ocrx_word' id='word_1_656' title='bbox 1575 4716 1734 4785; x_wconf 91' lang='lat' dir='ltr'><strong>paulo</strong></span> <span class='ocrx_word' id='word_1_657' title='bbox 1764 4724 1923 4784; x_wconf 84' lang='lat' dir='ltr'><strong>post:</strong></span> <span class='ocrx_word' id='word_1_658' title='bbox 1973 4734 1989 4766; x_wconf 81' lang='grc' dir='ltr'><strong>ι</strong></span> <span class='ocrx_word' id='word_1_659' title='bbox 2035 4715 2261 4771; x_wconf 71' lang='lat' dir='ltr'><strong>Crestus</strong></span> 
     </span>
    </p>
   </div>
   <div class='ocr_carea' id='block_1_94' title="bbox 708 4805 2261 4877">
    <p class='ocr_par' dir='ltr' id='par_1_94' title="bbox 708 4805 2261 4877">
     <span class='ocr_line' id='line_1_94' title="bbox 708 4805 2261 4877; baseline -0.002 -14"><span class='ocrx_word' id='word_1_660' title='bbox 708 4808 876 4877; x_wconf 85' lang='lat' dir='ltr'><strong>igitur</strong></span> <span class='ocrx_word' id='word_1_661' title='bbox 919 4816 1038 4860; x_wconf 86' lang='lat' dir='ltr'><strong>erat</strong></span> <span class='ocrx_word' id='word_1_662' title='bbox 1090 4807 1289 4859; x_wconf 84' lang='lat' dir='ltr'><strong>Paulus</strong></span> <span class='ocrx_word' id='word_1_663' title='bbox 1332 4807 1572 4875; x_wconf 89' lang='lat' dir='ltr'><strong>quandiu</strong></span> <span class='ocrx_word' id='word_1_664' title='bbox 1618 4807 1835 4859; x_wconf 77' lang='lat' dir='ltr'><strong>vivebat</strong></span> <span class='ocrx_word' id='word_1_665' title='bbox 1883 4805 2070 4868; x_wconf 84' lang='lat' dir='ltr'><strong>vitam,</strong></span> <span class='ocrx_word' id='word_1_666' title='bbox 2106 4807 2261 4877; x_wconf 83' lang='lat' dir='ltr'><strong>jussu</strong></span> 
     </span>
    </p>
   </div>
   <div class='ocr_carea' id='block_1_95' title="bbox 717 4899 2264 4967">
    <p class='ocr_par' dir='ltr' id='par_1_95' title="bbox 717 4899 2264 4967">
     <span class='ocr_line' id='line_1_95' title="bbox 717 4899 2264 4967; baseline -0.001 -16"><span class='ocrx_word' id='word_1_667' title='bbox 717 4900 814 4959; x_wconf 77' lang='lat' dir='ltr'><strong>Dei</strong></span> <span class='ocrx_word' id='word_1_668' title='bbox 846 4915 912 4952; x_wconf 77' lang='lat' dir='ltr'><strong>ex</strong></span> <span class='ocrx_word' id='word_1_669' title='bbox 941 4915 1045 4952; x_wconf 89' lang='lat' dir='ltr'><strong>non</strong></span> <span class='ocrx_word' id='word_1_670' title='bbox 1074 4900 1293 4953; x_wconf 86' lang='lat' dir='ltr'><strong>cutibus</strong></span> <span class='ocrx_word' id='word_1_671' title='bbox 1328 4899 1548 4962; x_wconf 81' lang='lat' dir='ltr'><strong>factam,</strong></span> <span class='ocrx_word' id='word_1_672' title='bbox 1579 4900 1796 4967; x_wconf 87' lang='lat' dir='ltr'><strong>quando</strong></span> <span class='ocrx_word' id='word_1_673' title='bbox 1827 4912 1957 4951; x_wconf 92' lang='lat' dir='ltr'><strong>vero</strong></span> <span class='ocrx_word' id='word_1_674' title='bbox 1996 4913 2104 4951; x_wconf 84' lang='lat' dir='ltr'><strong>non</strong></span> <span class='ocrx_word' id='word_1_675' title='bbox 2152 4914 2264 4951; x_wconf 90' lang='lat' dir='ltr'><strong>am-</strong></span> 
     </span>
    </p>
   </div>
   <div class='ocr_carea' id='block_1_96' title="bbox 707 4984 2261 5063">
    <p class='ocr_par' dir='ltr' id='par_1_96' title="bbox 707 4984 2261 5063">
     <span class='ocr_line' id='line_1_96' title="bbox 707 4984 2261 5063; baseline 0 -22"><span class='ocrx_word' id='word_1_676' title='bbox 707 4990 855 5063; x_wconf 66' lang='lat' dir='ltr'><strong>plius</strong></span> <span class='ocrx_word' id='word_1_677' title='bbox 882 4990 1021 5041; x_wconf 86' lang='lat' dir='ltr'><strong>hanc</strong></span> <span class='ocrx_word' id='word_1_678' title='bbox 1050 4989 1285 5054; x_wconf 73' lang='lat' dir='ltr'><strong>vivebat,</strong></span> <span class='ocrx_word' id='word_1_679' title='bbox 1322 4990 1415 5043; x_wconf 89' lang='lat' dir='ltr'><strong>sed</strong></span> <span class='ocrx_word' id='word_1_680' title='bbox 1441 5005 1558 5043; x_wconf 90' lang='lat' dir='ltr'><strong>eam</strong></span> <span class='ocrx_word' id='word_1_681' title='bbox 1584 5004 1705 5058; x_wconf 74' lang='lat' dir='ltr'><strong>qua:</strong></span> <span class='ocrx_word' id='word_1_682' title='bbox 1737 4984 2129 5042; x_wconf 75' lang='lat' dir='ltr'><strong>inbaliitatione</strong></span> <span class='ocrx_word' id='word_1_683' title='bbox 2164 4986 2261 5041; x_wconf 87' lang='lat' dir='ltr'><strong>Dei</strong></span> 
     </span>
    </p>
   </div>
   <div class='ocr_carea' id='block_1_97' title="bbox 706 5080 2261 5149">
    <p class='ocr_par' dir='ltr' id='par_1_97' title="bbox 706 5080 2261 5149">
     <span class='ocr_line' id='line_1_97' title="bbox 706 5080 2261 5149; baseline -0.001 -16"><span class='ocrx_word' id='word_1_684' title='bbox 706 5083 962 5143; x_wconf 66' lang='lat' dir='ltr'><strong>accessit,</strong></span> <span class='ocrx_word' id='word_1_685' title='bbox 1010 5081 1286 5133; x_wconf 85' lang='lat' dir='ltr'><strong>incrcatus</strong></span> <span class='ocrx_word' id='word_1_686' title='bbox 1323 5097 1420 5149; x_wconf 86' lang='lat' dir='ltr'><strong>per</strong></span> <span class='ocrx_word' id='word_1_687' title='bbox 1448 5082 1675 5149; x_wconf 79' lang='lat' dir='ltr'><strong>gratiam</strong></span> <span class='ocrx_word' id='word_1_688' title='bbox 1733 5082 1931 5139; x_wconf 76' lang='lat' dir='ltr'><strong>evasit,</strong></span> <span class='ocrx_word' id='word_1_689' title='bbox 1974 5088 2029 5132; x_wconf 91' lang='lat' dir='ltr'><strong>et</strong></span> <span class='ocrx_word' id='word_1_690' title='bbox 2064 5080 2261 5142; x_wconf 85' lang='lat' dir='ltr'><strong>omnis,</strong></span> 
     </span>
    </p>
   </div>
   <div class='ocr_carea' id='block_1_98' title="bbox 711 5170 2264 5238">
    <p class='ocr_par' dir='ltr' id='par_1_98' title="bbox 711 5170 2264 5238">
     <span class='ocr_line' id='line_1_98' title="bbox 711 5170 2264 5238; baseline 0.003 -19"><span class='ocrx_word' id='word_1_691' title='bbox 711 5172 807 5237; x_wconf 77' lang='lat' dir='ltr'><strong>qui</strong></span> <span class='ocrx_word' id='word_1_692' title='bbox 850 5172 1081 5224; x_wconf 84' lang='lat' dir='ltr'><strong>Verbum</strong></span> <span class='ocrx_word' id='word_1_693' title='bbox 1114 5170 1202 5223; x_wconf 90' lang='lat' dir='ltr'><strong>Dei</strong></span> <span class='ocrx_word' id='word_1_694' title='bbox 1240 5171 1422 5223; x_wconf 76' lang='lat' dir='ltr'><strong>ellieax</strong></span> <span class='ocrx_word' id='word_1_695' title='bbox 1453 5180 1506 5223; x_wconf 90' lang='lat' dir='ltr'><strong>et</strong></span> <span class='ocrx_word' id='word_1_696' title='bbox 1540 5172 1718 5231; x_wconf 79' lang='lat' dir='ltr'><strong>vivunt</strong></span> <span class='ocrx_word' id='word_1_697' title='bbox 1753 5172 1978 5238; x_wconf 84' lang='lat' dir='ltr'><strong>adeptus</strong></span> <span class='ocrx_word' id='word_1_698' title='bbox 2007 5180 2109 5225; x_wconf 86' lang='lat' dir='ltr'><strong>est.</strong></span> <span class='ocrx_word' id='word_1_699' title='bbox 2150 5189 2168 5221; x_wconf 73' lang='grc' dir='ltr'><strong>ι</strong></span> <span class='ocrx_word' id='word_1_700' title='bbox 2199 5171 2264 5223; x_wconf 87' lang='lat' dir='ltr'><strong>Et</strong></span> 
     </span>
    </p>
   </div>
   <div class='ocr_carea' id='block_1_99' title="bbox 712 5259 2264 5330">
    <p class='ocr_par' dir='ltr' id='par_1_99' title="bbox 712 5259 2264 5330">
     <span class='ocr_line' id='line_1_99' title="bbox 712 5259 2264 5330; baseline 0.002 -18"><span class='ocrx_word' id='word_1_701' title='bbox 712 5276 905 5315; x_wconf 85' lang='lat' dir='ltr'><strong>rursus</strong></span> <span class='ocrx_word' id='word_1_702' title='bbox 933 5262 985 5313; x_wconf 90' lang='lat' dir='ltr'><strong>in</strong></span> <span class='ocrx_word' id='word_1_703' title='bbox 1015 5259 1203 5313; x_wconf 89' lang='lat' dir='ltr'><strong>eadem</strong></span> <span class='ocrx_word' id='word_1_704' title='bbox 1222 5262 1449 5330; x_wconf 86' lang='lat' dir='ltr'><strong>epistola</strong></span> <span class='ocrx_word' id='word_1_705' title='bbox 1486 5280 1499 5315; x_wconf 90' lang='lat'><strong>:</strong></span> <span class='ocrx_word' id='word_1_706' title='bbox 1539 5281 1555 5312; x_wconf 85' lang='grc' dir='ltr'><strong>ι</strong></span> <span class='ocrx_word' id='word_1_707' title='bbox 1604 5259 1889 5325; x_wconf 89' lang='lat' dir='ltr'><strong>Quomodo</strong></span> <span class='ocrx_word' id='word_1_708' title='bbox 1916 5262 2080 5330; x_wconf 83' lang='lat' dir='ltr'><strong>igitur</strong></span> <span class='ocrx_word' id='word_1_709' title='bbox 2113 5261 2264 5329; x_wconf 81' lang='lat' dir='ltr'><strong>quis-</strong></span> 
     </span>
    </p>
   </div>
   <div class='ocr_carea' id='block_1_100' title="bbox 715 5350 2261 5423">
    <p class='ocr_par' dir='ltr' id='par_1_100' title="bbox 715 5350 2261 5423">
     <span class='ocr_line' id='line_1_100' title="bbox 715 5350 2261 5423; baseline 0.005 -26"><span class='ocrx_word' id='word_1_710' title='bbox 715 5350 861 5423; x_wconf 70' lang='lat' dir='ltr'><strong>piam</strong></span> <span class='ocrx_word' id='word_1_711' title='bbox 902 5352 1253 5414; x_wconf 87' lang='lat' dir='ltr'><strong>concesserit,</strong></span> <span class='ocrx_word' id='word_1_712' title='bbox 1279 5353 1526 5419; x_wconf 86' lang='lat' dir='ltr'><strong>quamvis</strong></span> <span class='ocrx_word' id='word_1_713' title='bbox 1556 5353 1864 5405; x_wconf 88' lang='lat' dir='ltr'><strong>divinarum</strong></span> <span class='ocrx_word' id='word_1_714' title='bbox 1910 5366 2261 5419; x_wconf 71' lang='lat' dir='ltr'><strong>personarum</strong></span> 
     </span>
    </p>
   </div>
   <div class='ocr_carea' id='block_1_101' title="bbox 719 5439 2261 5505">
    <p class='ocr_par' dir='ltr' id='par_1_101' title="bbox 719 5439 2261 5505">
     <span class='ocr_line' id='line_1_101' title="bbox 719 5439 2261 5505; baseline 0.002 -14"><span class='ocrx_word' id='word_1_715' title='bbox 719 5440 923 5493; x_wconf 88' lang='lat' dir='ltr'><strong>nullam</strong></span> <span class='ocrx_word' id='word_1_716' title='bbox 969 5443 1233 5494; x_wconf 84' lang='lat' dir='ltr'><strong>rationem</strong></span> <span class='ocrx_word' id='word_1_717' title='bbox 1270 5439 1546 5503; x_wconf 85' lang='lat' dir='ltr'><strong>habuerit,</strong></span> <span class='ocrx_word' id='word_1_718' title='bbox 1580 5458 1748 5496; x_wconf 89' lang='lat' dir='ltr'><strong>unum</strong></span> <span class='ocrx_word' id='word_1_719' title='bbox 1780 5458 1900 5499; x_wconf 77' lang='lat' dir='ltr'><strong>esse</strong></span> <span class='ocrx_word' id='word_1_720' title='bbox 1942 5444 2261 5505; x_wconf 87' lang='lat' dir='ltr'><strong>increatum,</strong></span> 
     </span>
    </p>
   </div>
   <div class='ocr_carea' id='block_1_102' title="bbox 718 5530 2263 5604">
    <p class='ocr_par' dir='ltr' id='par_1_102' title="bbox 718 5530 2263 5604">
     <span class='ocr_line' id='line_1_102' title="bbox 718 5530 2263 5604; baseline -0.001 -19"><span class='ocrx_word' id='word_1_721' title='bbox 718 5530 823 5585; x_wconf 86' lang='lat' dir='ltr'><strong>nisi</strong></span> <span class='ocrx_word' id='word_1_722' title='bbox 848 5541 1037 5585; x_wconf 90' lang='lat' dir='ltr'><strong>natura</strong></span> <span class='ocrx_word' id='word_1_723' title='bbox 1068 5532 1348 5601; x_wconf 74' lang='lat' dir='ltr'><strong>adjecerit.</strong></span> <span class='ocrx_word' id='word_1_724' title='bbox 1377 5548 1498 5587; x_wconf 80' lang='lat' dir='ltr'><strong>eum</strong></span> <span class='ocrx_word' id='word_1_725' title='bbox 1528 5536 1746 5604; x_wconf 84' lang='lat' dir='ltr'><strong>quidam</strong></span> <span class='ocrx_word' id='word_1_726' title='bbox 1781 5534 1888 5585; x_wconf 91' lang='lat' dir='ltr'><strong>sint</strong></span> <span class='ocrx_word' id='word_1_727' title='bbox 1914 5549 2008 5600; x_wconf 84' lang='lat' dir='ltr'><strong>per</strong></span> <span class='ocrx_word' id='word_1_728' title='bbox 2040 5533 2263 5600; x_wconf 81' lang='lat' dir='ltr'><strong>gratiam</strong></span> 
     </span>
    </p>
   </div>
   <div class='ocr_carea' id='block_1_103' title="bbox 720 5619 2263 5695">
    <p class='ocr_par' dir='ltr' id='par_1_103' title="bbox 720 5619 2263 5695">
     <span class='ocr_line' id='line_1_103' title="bbox 720 5619 2263 5695; baseline 0.005 -25"><span class='ocrx_word' id='word_1_729' title='bbox 720 5619 941 5674; x_wconf 85' lang='lat' dir='ltr'><strong>increati</strong></span> <span class='ocrx_word' id='word_1_730' title='bbox 973 5632 1135 5692; x_wconf 73' lang='lat' dir='ltr'><strong>atque</strong></span> <span class='ocrx_word' id='word_1_731' title='bbox 1178 5622 1276 5689; x_wconf 89' lang='lat' dir='ltr'><strong>dii,</strong></span> <span class='ocrx_word' id='word_1_732' title='bbox 1300 5635 1355 5680; x_wconf 89' lang='lat' dir='ltr'><strong>et</strong></span> <span class='ocrx_word' id='word_1_733' title='bbox 1387 5625 1799 5695; x_wconf 87' lang='lat' dir='ltr'><strong>respondentem</strong></span> <span class='ocrx_word' id='word_1_734' title='bbox 1826 5624 1927 5677; x_wconf 82' lang='lat' dir='ltr'><strong>sibi</strong></span> <span class='ocrx_word' id='word_1_735' title='bbox 1959 5625 2263 5677; x_wconf 77' lang='lat' dir='ltr'><strong>necessario</strong></span> 
     </span>
    </p>
   </div>
   <div class='ocr_carea' id='block_1_104' title="bbox 722 5707 2267 5787">
    <p class='ocr_par' dir='ltr' id='par_1_104' title="bbox 722 5707 2267 5787">
     <span class='ocr_line' id='line_1_104' title="bbox 722 5707 2267 5787; baseline -0.001 -19"><span class='ocrx_word' id='word_1_736' title='bbox 722 5708 980 5768; x_wconf 69' lang='lat' dir='ltr'><strong>deitatem</strong></span> <span class='ocrx_word' id='word_1_737' title='bbox 1018 5714 1294 5779; x_wconf 78' lang='lat' dir='ltr'><strong>habeant?</strong></span> <span class='ocrx_word' id='word_1_738' title='bbox 1330 5735 1347 5766; x_wconf 67' lang='grc' dir='ltr'><strong>ι</strong></span> <span class='ocrx_word' id='word_1_739' title='bbox 1400 5716 1461 5769; x_wconf 78' lang='grc' dir='ltr'>Ει</span> <span class='ocrx_word' id='word_1_740' title='bbox 1509 5730 1698 5787; x_wconf 79' lang='lat' dir='ltr'><strong>rursus</strong></span> <span class='ocrx_word' id='word_1_741' title='bbox 1730 5733 1741 5765; x_wconf 91' lang='lat'><strong><em>:</em></strong></span> <span class='ocrx_word' id='word_1_742' title='bbox 1792 5734 1807 5765; x_wconf 84' lang='grc' dir='ltr'><strong>ι</strong></span> <span class='ocrx_word' id='word_1_743' title='bbox 1861 5714 1963 5769; x_wconf 89' lang='lat' dir='ltr'><strong>Sed</strong></span> <span class='ocrx_word' id='word_1_744' title='bbox 2002 5712 2147 5768; x_wconf 86' lang='lat' dir='ltr'><strong>enim</strong></span> <span class='ocrx_word' id='word_1_745' title='bbox 2185 5707 2267 5766; x_wconf 82' lang='lat' dir='ltr'><strong>in-</strong></span> 
     </span>
    </p>
   </div>
   <div class='ocr_carea' id='block_1_105' title="bbox 2360 4534 3933 4608">
    <p class='ocr_par' dir='ltr' id='par_1_105' title="bbox 2360 4534 3933 4608">
     <span class='ocr_line' id='line_1_105' title="bbox 2360 4534 3933 4608; baseline 0.001 -20"><span class='ocrx_word' id='word_1_746' title='bbox 2360 4534 2514 4605; x_wconf 80' lang='grc' dir='ltr'>νικὴν</span> <span class='ocrx_word' id='word_1_747' title='bbox 2541 4536 2736 4604; x_wconf 79' lang='grc' dir='ltr'>μηκέτι</span> <span class='ocrx_word' id='word_1_748' title='bbox 2771 4535 2878 4596; x_wconf 79' lang='grc' dir='ltr'><strong>ζῶν</strong></span> <span class='ocrx_word' id='word_1_749' title='bbox 2907 4535 3070 4603; x_wconf 76' lang='grc' dir='ltr'>ζωὴν,</span> <span class='ocrx_word' id='word_1_750' title='bbox 3110 4535 3247 4587; x_wconf 75' lang='grc' dir='ltr'>ἀλλὰ</span> <span class='ocrx_word' id='word_1_751' title='bbox 3276 4536 3374 4604; x_wconf 84' lang='grc' dir='ltr'>τὴν</span> <span class='ocrx_word' id='word_1_752' title='bbox 3411 4535 3502 4588; x_wconf 86' lang='grc' dir='ltr'><strong>τοῦ</strong></span> <span class='ocrx_word' id='word_1_753' title='bbox 3535 4538 3933 4608; x_wconf 73' lang='grc' dir='ltr'>ὲνοικήσαντος</span> 
     </span>
    </p>
   </div>
   <div class='ocr_carea' id='block_1_106' title="bbox 2361 4624 3935 4694">
    <p class='ocr_par' dir='ltr' id='par_1_106' title="bbox 2361 4624 3935 4694">
     <span class='ocr_line' id='line_1_106' title="bbox 2361 4624 3935 4694; baseline 0 -17"><span class='ocrx_word' id='word_1_754' title='bbox 2361 4626 2533 4693; x_wconf 85' lang='grc' dir='ltr'>Λόγου</span> <span class='ocrx_word' id='word_1_755' title='bbox 2570 4626 2719 4678; x_wconf 83' lang='grc' dir='ltr'>θείαν</span> <span class='ocrx_word' id='word_1_756' title='bbox 2748 4625 2843 4676; x_wconf 74' lang='grc' dir='ltr'>καὶ</span> <span class='ocrx_word' id='word_1_757' title='bbox 2881 4624 3067 4687; x_wconf 73' lang='grc' dir='ltr'>ἀΐδιον,</span> <span class='ocrx_word' id='word_1_758' title='bbox 3097 4626 3326 4694; x_wconf 77' lang='grc' dir='ltr'>ἄναρχος</span> <span class='ocrx_word' id='word_1_759' title='bbox 3357 4625 3547 4693; x_wconf 78' lang='grc' dir='ltr'>γέγονε</span> <span class='ocrx_word' id='word_1_760' title='bbox 3575 4626 3669 4679; x_wconf 77' lang='grc' dir='ltr'>καὶ</span> <span class='ocrx_word' id='word_1_761' title='bbox 3698 4626 3935 4681; x_wconf 74' lang='grc' dir='ltr'>ἀτελεύο</span> 
     </span>
    </p>
   </div>
   <div class='ocr_carea' id='block_1_107' title="bbox 2360 4713 3935 4787">
    <p class='ocr_par' dir='ltr' id='par_1_107' title="bbox 2360 4713 3935 4787">
     <span class='ocr_line' id='line_1_107' title="bbox 2360 4713 3935 4787; baseline 0.003 -20"><span class='ocrx_word' id='word_1_762' title='bbox 2360 4732 2521 4784; x_wconf 87' lang='grc' dir='ltr'>τητος</span> <span class='ocrx_word' id='word_1_763' title='bbox 2555 4715 2756 4785; x_wconf 82' lang='grc' dir='ltr'>χάριτι.</span> <span class='ocrx_word' id='word_1_764' title='bbox 2800 4734 2817 4765; x_wconf 72' lang='grc' dir='ltr'><strong>ι</strong></span> <span class='ocrx_word' id='word_1_765' title='bbox 2855 4715 2961 4767; x_wconf 67' lang='grc' dir='ltr'><strong>Καὶ</strong></span> <span class='ocrx_word' id='word_1_766' title='bbox 2994 4715 3109 4783; x_wconf 85' lang='grc' dir='ltr'>μετ’</span> <span class='ocrx_word' id='word_1_767' title='bbox 3133 4714 3308 4777; x_wconf 81' lang='grc' dir='ltr'>ὀλίγα,</span> <span class='ocrx_word' id='word_1_768' title='bbox 3346 4733 3364 4766; x_wconf 82' lang='grc' dir='ltr'><strong>ι</strong></span> <span class='ocrx_word' id='word_1_769' title='bbox 3393 4716 3623 4787; x_wconf 54' lang='lat' dir='ltr'><strong>[suam</strong></span> <span class='ocrx_word' id='word_1_770' title='bbox 3655 4716 3752 4769; x_wconf 79' lang='grc' dir='ltr'><strong>οῦν</strong></span> <span class='ocrx_word' id='word_1_771' title='bbox 3794 4713 3873 4787; x_wconf 79' lang='grc' dir='ltr'>ἦν</span> <span class='ocrx_word' id='word_1_772' title='bbox 3908 4723 3935 4771; x_wconf 84' lang='grc' dir='ltr'>ὁ</span> 
     </span>
    </p>
   </div>
   <div class='ocr_carea' id='block_1_108' title="bbox 2364 4779 3936 4878">
    <p class='ocr_par' dir='ltr' id='par_1_108' title="bbox 2364 4779 3936 4878">
     <span class='ocr_line' id='line_1_108' title="bbox 2364 4779 3936 4878; baseline 0.002 -20"><span class='ocrx_word' id='word_1_773' title='bbox 2364 4779 2586 4869; x_wconf 66' lang='grc' dir='ltr'><strong>[ιξιῡλόξ</strong></span> <span class='ocrx_word' id='word_1_774' title='bbox 2605 4779 2796 4878; x_wconf 74' lang='grc' dir='ltr'>μέχρις</span> <span class='ocrx_word' id='word_1_775' title='bbox 2845 4807 2909 4859; x_wconf 79' lang='grc' dir='ltr'>ἂν</span> <span class='ocrx_word' id='word_1_776' title='bbox 2958 4779 3049 4874; x_wconf 68' lang='grc' dir='ltr'>ἔζη</span> <span class='ocrx_word' id='word_1_777' title='bbox 3107 4807 3207 4876; x_wconf 79' lang='grc' dir='ltr'>τὴν</span> <span class='ocrx_word' id='word_1_778' title='bbox 3262 4779 3638 4875; x_wconf 59' lang='grc' dir='ltr'>προστάγματι</span> <span class='ocrx_word' id='word_1_779' title='bbox 3671 4779 3835 4860; x_wconf 45' lang='grc' dir='ltr'>Θεοῦ.</span> <span class='ocrx_word' id='word_1_780' title='bbox 3873 4812 3936 4871; x_wconf 71' lang='grc' dir='ltr'>ἐξ</span> 
     </span>
    </p>
   </div>
   <div class='ocr_carea' id='block_1_109' title="bbox 2362 4894 3935 4965">
    <p class='ocr_par' dir='ltr' id='par_1_109' title="bbox 2362 4894 3935 4965">
     <span class='ocr_line' id='line_1_109' title="bbox 2362 4894 3935 4965; baseline 0.001 -20"><span class='ocrx_word' id='word_1_781' title='bbox 2362 4898 2461 4947; x_wconf 83' lang='grc' dir='ltr'>οὐκ</span> <span class='ocrx_word' id='word_1_782' title='bbox 2499 4896 2667 4950; x_wconf 76' lang='grc' dir='ltr'>ὄντων</span> <span class='ocrx_word' id='word_1_783' title='bbox 2700 4897 2977 4964; x_wconf 85' lang='grc' dir='ltr'>γεγονυῖαν</span> <span class='ocrx_word' id='word_1_784' title='bbox 3012 4895 3177 4964; x_wconf 83' lang='grc' dir='ltr'>ζωήν.</span> <span class='ocrx_word' id='word_1_785' title='bbox 3221 4896 3349 4948; x_wconf 81' lang='grc' dir='ltr'>Ὅτε</span> <span class='ocrx_word' id='word_1_786' title='bbox 3389 4894 3445 4948; x_wconf 70' lang='grc' dir='ltr'>δὲ</span> <span class='ocrx_word' id='word_1_787' title='bbox 3480 4897 3677 4965; x_wconf 80' lang='grc' dir='ltr'>μηκέτι</span> <span class='ocrx_word' id='word_1_788' title='bbox 3710 4900 3935 4964; x_wconf 76' lang='grc' dir='ltr'>ταύτην</span> 
     </span>
    </p>
   </div>
   <div class='ocr_carea' id='block_1_110' title="bbox 2364 4976 3927 5057">
    <p class='ocr_par' dir='ltr' id='par_1_110' title="bbox 2364 4976 3927 5057">
     <span class='ocr_line' id='line_1_110' title="bbox 2364 4976 3927 5057; baseline 0.002 -23"><span class='ocrx_word' id='word_1_789' title='bbox 2364 4984 2481 5052; x_wconf 80' lang='grc' dir='ltr'>ἔζη.</span> <span class='ocrx_word' id='word_1_790' title='bbox 2514 4985 2647 5037; x_wconf 80' lang='grc' dir='ltr'>ἀλλὰ</span> <span class='ocrx_word' id='word_1_791' title='bbox 2691 4986 2785 5053; x_wconf 75' lang='grc' dir='ltr'>τὴν</span> <span class='ocrx_word' id='word_1_792' title='bbox 2832 4987 3093 5053; x_wconf 80' lang='grc' dir='ltr'>ἐνοικήσει</span> <span class='ocrx_word' id='word_1_793' title='bbox 3139 4983 3229 5036; x_wconf 87' lang='grc' dir='ltr'><strong>τοῦ</strong></span> <span class='ocrx_word' id='word_1_794' title='bbox 3264 4976 3395 5037; x_wconf 75' lang='grc' dir='ltr'>Θεοῦ</span> <span class='ocrx_word' id='word_1_795' title='bbox 3448 4988 3927 5057; x_wconf 81' lang='grc' dir='ltr'>προσγενομένην,</span> 
     </span>
    </p>
   </div>
   <div class='ocr_carea' id='block_1_111' title="bbox 2364 5068 3934 5143">
    <p class='ocr_par' dir='ltr' id='par_1_111' title="bbox 2364 5068 3934 5143">
     <span class='ocr_line' id='line_1_111' title="bbox 2364 5068 3934 5143; baseline 0.001 -16"><span class='ocrx_word' id='word_1_796' title='bbox 2364 5076 2611 5135; x_wconf 78' lang='grc' dir='ltr'>ἄκτιστος</span> <span class='ocrx_word' id='word_1_797' title='bbox 2642 5076 2832 5141; x_wconf 87' lang='grc' dir='ltr'>γέγονε</span> <span class='ocrx_word' id='word_1_798' title='bbox 2883 5077 2947 5142; x_wconf 85' lang='grc' dir='ltr'>τῇ</span> <span class='ocrx_word' id='word_1_799' title='bbox 2986 5075 3203 5143; x_wconf 77' lang='grc' dir='ltr'>χάριτιο</span> <span class='ocrx_word' id='word_1_800' title='bbox 3261 5076 3356 5126; x_wconf 72' lang='grc' dir='ltr'>καὶ</span> <span class='ocrx_word' id='word_1_801' title='bbox 3398 5068 3504 5136; x_wconf 68' lang='grc' dir='ltr'>πστς</span> <span class='ocrx_word' id='word_1_802' title='bbox 3538 5077 3566 5126; x_wconf 83' lang='grc' dir='ltr'>ὁ</span> <span class='ocrx_word' id='word_1_803' title='bbox 3605 5075 3791 5136; x_wconf 85' lang='grc' dir='ltr'>ζῶντα.</span> <span class='ocrx_word' id='word_1_804' title='bbox 3833 5082 3934 5131; x_wconf 74' lang='grc' dir='ltr'>καὶ</span> 
     </span>
    </p>
   </div>
   <div class='ocr_carea' id='block_1_112' title="bbox 2364 5156 3929 5233">
    <p class='ocr_par' dir='ltr' id='par_1_112' title="bbox 2364 5156 3929 5233">
     <span class='ocr_line' id='line_1_112' title="bbox 2364 5156 3929 5233; baseline 0.004 -20"><span class='ocrx_word' id='word_1_805' title='bbox 2364 5163 2683 5230; x_wconf 85' lang='grc' dir='ltr'>ἐνεργοῦντα</span> <span class='ocrx_word' id='word_1_806' title='bbox 2711 5162 2870 5231; x_wconf 80' lang='grc' dir='ltr'>μόνον</span> <span class='ocrx_word' id='word_1_807' title='bbox 2894 5162 2983 5213; x_wconf 78' lang='grc' dir='ltr'>τὸν</span> <span class='ocrx_word' id='word_1_808' title='bbox 3020 5162 3113 5215; x_wconf 88' lang='grc' dir='ltr'><strong>τοῦ</strong></span> <span class='ocrx_word' id='word_1_809' title='bbox 3146 5163 3279 5215; x_wconf 88' lang='grc' dir='ltr'>Θεοῦ</span> <span class='ocrx_word' id='word_1_810' title='bbox 3304 5162 3476 5229; x_wconf 85' lang='grc' dir='ltr'>Λόγον</span> <span class='ocrx_word' id='word_1_811' title='bbox 3521 5156 3929 5233; x_wconf 74' lang='grc' dir='ltr'>κτησάμενος.»</span> 
     </span>
    </p>
   </div>
   <div class='ocr_carea' id='block_1_113' title="bbox 2365 5245 3931 5327">
    <p class='ocr_par' dir='ltr' id='par_1_113' title="bbox 2365 5245 3931 5327">
     <span class='ocr_line' id='line_1_113' title="bbox 2365 5245 3931 5327; baseline -0.006 -20"><span class='ocrx_word' id='word_1_812' title='bbox 2365 5253 2475 5307; x_wconf 77' lang='grc' dir='ltr'><strong>Καὶ</strong></span> <span class='ocrx_word' id='word_1_813' title='bbox 2504 5252 2661 5304; x_wconf 85' lang='grc' dir='ltr'>πάλιν</span> <span class='ocrx_word' id='word_1_814' title='bbox 2692 5255 2748 5304; x_wconf 85' lang='grc' dir='ltr'><strong>ἐν</strong></span> <span class='ocrx_word' id='word_1_815' title='bbox 2782 5255 2846 5320; x_wconf 80' lang='grc' dir='ltr'><strong>τῇ</strong></span> <span class='ocrx_word' id='word_1_816' title='bbox 2884 5252 3014 5319; x_wconf 82' lang='grc' dir='ltr'>αὐτῇ</span> <span class='ocrx_word' id='word_1_817' title='bbox 3036 5270 3053 5288; x_wconf 76' lang='grc' dir='ltr'><strong>ι</strong></span> <span class='ocrx_word' id='word_1_818' title='bbox 3082 5270 3099 5302; x_wconf 80' lang='grc' dir='ltr'><strong>ι</strong></span> <span class='ocrx_word' id='word_1_819' title='bbox 3145 5252 3270 5313; x_wconf 84' lang='grc' dir='ltr'><strong>Πῶς</strong></span> <span class='ocrx_word' id='word_1_820' title='bbox 3295 5248 3386 5303; x_wconf 78' lang='grc' dir='ltr'>οὖν</span> <span class='ocrx_word' id='word_1_821' title='bbox 3420 5250 3485 5303; x_wconf 76' lang='grc' dir='ltr'>ἄν</span> <span class='ocrx_word' id='word_1_822' title='bbox 3512 5269 3595 5315; x_wconf 86' lang='grc' dir='ltr'><strong>τις</strong></span> <span class='ocrx_word' id='word_1_823' title='bbox 3626 5245 3931 5327; x_wconf 58' lang='grc' dir='ltr'>ἇυγχωρή-</span> 
     </span>
    </p>
   </div>
   <div class='ocr_carea' id='block_1_114' title="bbox 2368 5341 3934 5412">
    <p class='ocr_par' dir='ltr' id='par_1_114' title="bbox 2368 5341 3934 5412">
     <span class='ocr_line' id='line_1_114' title="bbox 2368 5341 3934 5412; baseline 0.003 -19"><span class='ocrx_word' id='word_1_824' title='bbox 2368 5357 2501 5406; x_wconf 85' lang='grc' dir='ltr'>σειε,</span> <span class='ocrx_word' id='word_1_825' title='bbox 2533 5341 2635 5394; x_wconf 78' lang='grc' dir='ltr'>κᾶν</span> <span class='ocrx_word' id='word_1_826' title='bbox 2664 5342 2770 5393; x_wconf 89' lang='grc' dir='ltr'><strong>τῶν</strong></span> <span class='ocrx_word' id='word_1_827' title='bbox 2812 5342 2970 5393; x_wconf 75' lang='grc' dir='ltr'>θείων</span> <span class='ocrx_word' id='word_1_828' title='bbox 3022 5341 3313 5411; x_wconf 87' lang='grc' dir='ltr'>ἐνεργειῶν</span> <span class='ocrx_word' id='word_1_829' title='bbox 3362 5341 3563 5410; x_wconf 80' lang='grc' dir='ltr'>μηδένα</span> <span class='ocrx_word' id='word_1_830' title='bbox 3620 5345 3934 5412; x_wconf 77' lang='grc' dir='ltr'>ποιήσηται</span> 
     </span>
    </p>
   </div>
   <div class='ocr_carea' id='block_1_115' title="bbox 2365 5431 3937 5503">
    <p class='ocr_par' dir='ltr' id='par_1_115' title="bbox 2365 5431 3937 5503">
     <span class='ocr_line' id='line_1_115' title="bbox 2365 5431 3937 5503; baseline 0 -20"><span class='ocrx_word' id='word_1_831' title='bbox 2365 5432 2543 5499; x_wconf 80' lang='grc' dir='ltr'>λόγον,</span> <span class='ocrx_word' id='word_1_832' title='bbox 2572 5431 2630 5482; x_wconf 82' lang='grc' dir='ltr'>ἓν</span> <span class='ocrx_word' id='word_1_833' title='bbox 2667 5432 2727 5483; x_wconf 83' lang='grc' dir='ltr'>τὸ</span> <span class='ocrx_word' id='word_1_834' title='bbox 2749 5432 3002 5484; x_wconf 80' lang='grc' dir='ltr'>ἄκτιστον</span> <span class='ocrx_word' id='word_1_835' title='bbox 3039 5433 3323 5500; x_wconf 75' lang='grc' dir='ltr'>ὑπάρχειν,</span> <span class='ocrx_word' id='word_1_836' title='bbox 3359 5431 3433 5501; x_wconf 80' lang='grc' dir='ltr'>μὴ</span> <span class='ocrx_word' id='word_1_837' title='bbox 3470 5435 3535 5502; x_wconf 83' lang='grc' dir='ltr'><strong>τῇ</strong></span> <span class='ocrx_word' id='word_1_838' title='bbox 3560 5432 3718 5499; x_wconf 76' lang='grc' dir='ltr'>φύσει</span> <span class='ocrx_word' id='word_1_839' title='bbox 3752 5449 3937 5503; x_wconf 76' lang='grc' dir='ltr'>προσ-</span> 
     </span>
    </p>
   </div>
   <div class='ocr_carea' id='block_1_116' title="bbox 2367 5519 3936 5595">
    <p class='ocr_par' dir='ltr' id='par_1_116' title="bbox 2367 5519 3936 5595">
     <span class='ocr_line' id='line_1_116' title="bbox 2367 5519 3936 5595; baseline 0.001 -16"><span class='ocrx_word' id='word_1_840' title='bbox 2367 5525 2633 5594; x_wconf 86' lang='grc' dir='ltr'>κείμενον,</span> <span class='ocrx_word' id='word_1_841' title='bbox 2677 5526 2822 5576; x_wconf 76' lang='grc' dir='ltr'>ἔστιν</span> <span class='ocrx_word' id='word_1_842' title='bbox 2847 5519 2919 5576; x_wconf 79' lang='grc' dir='ltr'>ὧν</span> <span class='ocrx_word' id='word_1_843' title='bbox 2946 5525 3124 5593; x_wconf 78' lang='grc' dir='ltr'>χάριτι</span> <span class='ocrx_word' id='word_1_844' title='bbox 3147 5526 3413 5576; x_wconf 79' lang='grc' dir='ltr'>ἀκτίστων</span> <span class='ocrx_word' id='word_1_845' title='bbox 3436 5523 3602 5576; x_wconf 76' lang='grc' dir='ltr'>ὄντων</span> <span class='ocrx_word' id='word_1_846' title='bbox 3639 5526 3733 5578; x_wconf 80' lang='grc' dir='ltr'>καὶ</span> <span class='ocrx_word' id='word_1_847' title='bbox 3760 5525 3936 5595; x_wconf 76' lang='grc' dir='ltr'>θεῶν,</span> 
     </span>
    </p>
   </div>
   <div class='ocr_carea' id='block_1_117' title="bbox 2367 5613 3937 5687">
    <p class='ocr_par' dir='ltr' id='par_1_117' title="bbox 2367 5613 3937 5687">
     <span class='ocr_line' id='line_1_117' title="bbox 2367 5613 3937 5687; baseline -0.008 -17"><span class='ocrx_word' id='word_1_848' title='bbox 2367 5620 2461 5670; x_wconf 78' lang='grc' dir='ltr'>καὶ</span> <span class='ocrx_word' id='word_1_849' title='bbox 2493 5616 2825 5685; x_wconf 82' lang='grc' dir='ltr'>κατάλληλον</span> <span class='ocrx_word' id='word_1_850' title='bbox 2864 5618 3077 5677; x_wconf 74' lang='grc' dir='ltr'>ἑαυτοῖς</span> <span class='ocrx_word' id='word_1_851' title='bbox 3118 5614 3179 5679; x_wconf 75' lang='grc' dir='ltr'>ἐξ</span> <span class='ocrx_word' id='word_1_852' title='bbox 3226 5616 3466 5683; x_wconf 69' lang='grc' dir='ltr'>ἀνάγκης</span> <span class='ocrx_word' id='word_1_853' title='bbox 3505 5613 3735 5683; x_wconf 76' lang='grc' dir='ltr'>θεότητα</span> <span class='ocrx_word' id='word_1_854' title='bbox 3774 5617 3937 5687; x_wconf 70' lang='grc' dir='ltr'><strong>ἐχόν-</strong></span> 
     </span>
    </p>
   </div>
   <div class='ocr_carea' id='block_1_118' title="bbox 2368 5702 3938 5775">
    <p class='ocr_par' dir='ltr' id='par_1_118' title="bbox 2368 5702 3938 5775">
     <span class='ocr_line' id='line_1_118' title="bbox 2368 5702 3938 5775; baseline 0.001 -14"><span class='ocrx_word' id='word_1_855' title='bbox 2368 5726 2503 5775; x_wconf 70' lang='lat' dir='ltr'><strong>nov;</strong></span> <span class='ocrx_word' id='word_1_856' title='bbox 2551 5726 2570 5759; x_wconf 73' lang='grc' dir='ltr'><strong>ι</strong></span> <span class='ocrx_word' id='word_1_857' title='bbox 2617 5709 2722 5761; x_wconf 62' lang='grc' dir='ltr'><strong>Καὶ</strong></span> <span class='ocrx_word' id='word_1_858' title='bbox 2754 5707 2929 5772; x_wconf 83' lang='grc' dir='ltr'>πάλιν,</span> <span class='ocrx_word' id='word_1_859' title='bbox 2970 5726 2987 5758; x_wconf 80' lang='grc' dir='ltr'><strong>ι</strong></span> <span class='ocrx_word' id='word_1_860' title='bbox 3029 5706 3188 5761; x_wconf 68' lang='grc' dir='ltr'>Ἀλλὰ</span> <span class='ocrx_word' id='word_1_861' title='bbox 3232 5707 3333 5773; x_wconf 57' lang='grc' dir='ltr'><strong>’τδρ</strong></span> <span class='ocrx_word' id='word_1_862' title='bbox 3364 5706 3604 5760; x_wconf 82' lang='grc' dir='ltr'>ἆκτιστοι</span> <span class='ocrx_word' id='word_1_863' title='bbox 3635 5705 3735 5775; x_wconf 76' lang='grc' dir='ltr'>μὲν</span> <span class='ocrx_word' id='word_1_864' title='bbox 3771 5702 3938 5762; x_wconf 76' lang='grc' dir='ltr'>οῦτοι</span> 
     </span>
    </p>
   </div>
  </div>
