4126 6322
155 362 249 423 μοι

1332 364 1726 425 ADVERSUS
1762 363 2144 424 PALAMAM-

152 484 341 541 πὰντες
375 480 579 548 χάριτι,
623 479 807 549 ὥσπερ
835 478 897 546 δὴ
931 478 1020 529 xz‘t
1054 476 1215 549 ant'_
1233 477 1366 543 αὲτὴ
1407 478 1450 530 δ’
1483 482 1510 547 ἡ
1538 481 1695 546 χάρις

1805 478 1968 533 creati
2003 475 2333 546 Quidem'isti
2372 491 2563 530 omnes
2605 484 2729 529 sunt
2776 474 2964 541 gratia,
2996 474 3350 540 quemadmo—

148 574 415 633 ακτιστος,
456 570 532 634 ὡς
581 570 773 641 μικρὸν
810 568 1062 638 ἀνωτέρω
1099 544 1599 637 προῖιποδέδεικται.
1630 586 1647 619 ι

219 763 326 813 Καὶ
349 760 531 822 πάλιν,
566 778 585 810 ι
616 762 681 813 At
702 760 793 813 τοῦ
823 759 953 813 Θεοῦ
973 759 1241 830 ἐνέργειαι
1266 761 1506 815 ἀκτιστοί
1533 762 1693 825 εἰσιν,

152 848 195 898 tl
226 849 315 899 καὶ
335 849 403 898 τὰ
420 848 588 899 πλείω
606 847 716 899 τῶν
738 846 1184 915 ἀποτελεσμάτων
1200 847 1400 899 τούτων
1427 846 1700 916 κτίσματά

153 938 275 987 εἱσι.
320 955 336 986 ι
376 938 484 988 Καὶ
517 937 576 988 ὲν
623 936 699 1004 τῷ
736 936 899 1004 λόγῳ,
929 928 988 987 οὗ
1016 938 1048 1004 ἡ
1078 936 1237 1005 ἀρχὴ,
1289 935 1707 988 Φιλοκεινοῦσι

153 1026 282 1091 μὲν,
332 1045 348 1077 ι
400 1026 520 1086 Πῶς
542 1023 634 1077 οὖν
665 1026 764 1078 οὐκ
794 1027 1046 1087 ᾶκτιστος
1078 1028 1110 1096 ή
1150 1028 1303 1095 χάρις
1334 1026 1400 1078 δι’
1441 1026 1507 1095 ἦν
1542 1026 1631 1078 καὶ
1657 1026 1705 1078 οἱ

156 1114 545 1193 μετεσχηκότες
592 1113 761 1183 αὐτῆς
800 1113 1022 1183 ἄναρχοι
1053 1114 1148 1168 καὶ
1177 1117 1420 1168 ἀκτιστοι
1451 1116 1543 1167 καὶ
1584 1116 1725 1169 ἀτε-⁴

154 1203 416 1272 λεύτητοι,
455 1203 547 1256 καὶ
577 1204 767 1268 ἀΐδιοι,
802 1209 895 1257 καὶ
924 1206 1163 1274 οὐράνιοι
1196 1207 1313 1259 κατ’
1352 1205 1520 1275 αὐτὴν
1552 1208 1699 1277 παρὰ

153 1291 255 1343 τῶν
282 1290 540 1361 Πατέρων
578 1292 1125 1362 προσηγορεύθησαν;
1164 1311 1182 1344 ι

222 1471 342 1523 Ἐτι
392 1470 770 1542 δογματίζουσι
816 1476 1012 1537 πολλὰς
1060 1477 1352 1540 ὑπόστασις
1402 1474 1540 1533 εἶναι
1604 1479 1698 1532 τοῦ

156 1560 303 1615 Θεοῦ.
339 1564 447 1615 Καί
478 1582 641 1634 φησιν
679 1568 706 1618 ό
754 1566 1039 1635 Παλαμᾶς,
1094 1586 1111 1619 ι
1170 1569 1310 1620 Ἀλλ’
1350 1571 1469 1622 ἐπεὶ
1504 1569 1699 1631 πολλὰς

157 1652 241 1704 καὶ
287 1652 576 1724 διαφόρους
629 1654 955 1716 ὑποστάσεις
989 1658 1081 1709 καὶ
1128 1656 1381 1726 δυνάμεις
1420 1661 1509 1710 καὶ
1551 1661 1700 1727 ὲνερ·

158 1744 307 1808 γείας
339 1746 366 1795 ὁ
392 1744 523 1807 Θεὸς
560 1744 695 1814 ἔχει,
727 1747 776 1797 εί
814 1747 889 1817 μὴ
927 1730 985 1801 ἓν
1012 1766 1063 1800 τι
1102 1748 1161 1801 τὸ
1207 1750 1376 1803 αἴτιον
1399 1753 1455 1802 ἐν
1489 1750 1695 1813 αὐταῖς,

1800 568 1929 620 dum
1959 578 2087 620 sane
2111 574 2167 618 et
2194 564 2265 618 dii
2297 581 2310 627 ;
2343 566 2460 632 ipsa
2503 578 2632 617 vero
2673 565 2843 633 gratia
2883 564 3118 617 increata
3154 572 3257 627 est,
3290 573 3350 617 ut

1798 660 1963 730 paulo
2004 658 2255 729 superius
2290 659 2719 713 demonstratum
2770 666 2871 711 est.
2913 675 2934 709 ›

1872 751 1941 806 Et
1992 747 2231 805 rursus:
2278 766 2297 801 ι
2330 750 2425 803 Dei
2486 748 2836 816 operationes
2892 744 3149 801 increatae
3179 756 3325 803 sunt.

1801 852 2053 921 quamvis
2075 850 2327 918 pleraque
2354 848 2550 901 borum
2575 846 2865 901 etlectuum
2884 840 3145 901 erca'tume
3184 848 3306 900 sint.
3328 865 3344 893 ι

1774 944 1867 1011 ⁷Ει
1924 942 1979 996 in
2022 941 2304 1003 oratione,
2335 941 2492 1008 cujus
2536 939 2752 992 initium
2804 937 3188 993 {Contendant
3239 940 3355 1007 qui-

1799 1035 1912 1087 dem
1943 1047 1973 1099 :q
1996 1051 2016 1082 ι
2047 1032 2215 1102 Igitur
2241 1032 2333 1100 qui
2364 1031 2478 1084 ﬁeri
2517 1037 2718 1099 potest,
2767 1038 2827 1081 ut
2860 1043 2966 1080 non
3002 1027 3073 1081 sit
3102 1028 3348 1080 incrcata

1800 1126 1990 1194 gratia,
2018 1140 2118 1192 per
2143 1138 2307 1192 quam
2333 1131 2390 1175 et
2433 1121 2526 1189 qui
2555 1119 2849 1190 participes
2876 1120 2994 1187 ejus
3047 1117 3172 1170 l'acti
3201 1126 3351 1179 sunt,

1803 1217 1918 1269 sine
1975 1212 2244 1284 principio
2299 1222 2355 1265 et
2401 1208 2667 1273 inereati,
2718 1204 2931 1275 ﬁneque
2978 1214 3248 1267 carentes,
3297 1213 3353 1257 et

1803 1304 2117 1373 sempiterni
2166 1309 2329 1370 atque
2359 1299 2611 1354 ctelestes
2640 1297 2943 1351 secundum
2984 1296 3154 1366 ipsam
3187 1310 3217 1348 a
3254 1295 3355 1348 Pa-

1806 1396 1981 1450 tribus
2014 1392 2268 1463 appellati
2303 1389 2470 1445 sunt?
2502 1407 2522 1439 ι

1868 1485 2136 1539 Praeterea
2181 1482 2566 1552 dogmatizant,
2612 1478 2808 1533 multas
2857 1477 3178 1546 hypostases
3230 1488 3351 1527 esse

1801 1574 1930 1640 Dei;
1976 1581 2139 1642 atque
2181 1571 2260 1625 ait
2290 1571 2577 1627 Palamas:
2620 1586 2638 1620 ι
2678 1566 2783 1622 Sed
2847 1566 3104 1635 quoniam
3151 1565 3354 1617 multas

1797 1670 1853 1714 et
1894 1660 2140 1713 diversas
2174 1658 2528 1728 hypostases,
2570 1666 2624 1711 et
2656 1655 2929 1725 potentias
2955 1693 2968 1716 ,
2996 1662 3051 1709 et
3082 1652 3354 1721 operatio-

1800 1765 1896 1804 nes
1927 1750 2068 1803 Deus
2120 1746 2308 1810 habet,
2357 1746 2463 1800 nisi
2518 1744 2951 1813 unum.aliquid
3012 1745 3065 1797 in
3100 1741 3233 1811 ipsis
3283 1742 3355 1795 sit

162 1834 345 1918 uolitat
385 1836 476 1887 καὶ
518 1834 763 1904 διάφοροι
793 1828 1004 1891 ἔσονται
1036 1839 1200 1907 ἀρχαὶ
1228 1841 1327 1908 τῆς
1368 1839 1637 1908 θεότητος.
1676 1857 1695 1889 ι

1805 1854 1986 1905 causa,
2018 1838 2187 1893 multa
2213 1845 2271 1893 et
2304 1835 2515 1891 diversa
2549 1844 2714 1890 erunt
2753 1835 3017 1904 principia
3052 1832 3288 1887 deitatis.
3327 1850 3349 1882 ι

221 1925 344 1977 Ἔτι
383 1925 767 1994 δογματίζουσι
808 1928 1031 1989 καὶτὰς
1079 1929 1275 1992 πολλὰς
1325 1931 1524 1993 ταύτας
1557 1933 1703 2001 ἐνερ-

160 2012 303 2077 γείας
357 2014 544 2078 οὐσίας
593 2011 756 2070 εἶναι.
791 2017 902 2072 Καί
953 2020 1172 2087 φησινὸ
1207 2019 1471 2088 Παλαμᾰς
1522 2026 1580 2074 εν
1628 2021 1703 2089 τῷ

159 2104 280 2171 πρὸς
307 2104 404 2157 τὸν
434 2106 593 2159 Αῐνου
622 2106 789 2177 λόγῳ,
813 2100 875 2193 οῦ
908 2108 942 2178 ή
972 2110 1134 2180 ἀρχὴ,
1165 2111 1377 2177 Διδοῦς
1404 2112 1587 2175 ὄντως
1617 2114 1702 2165 οι.

162 2194 432 2261 χομένης,
471 2214 489 2247 ι
545 2195 653 2248 Καὶ
703 2199 814 2267 μην
867 2198 1006 2252 κατὰ
1057 2198 1146 2252 τὸν
1190 2200 1354 2255 πολὺν
1403 2200 1565 2261 δντως
1611 2200 1703 2252 καὶ

163 2283 651 2354 πνευματοκίνητον
705 2287 830 2340 νοῦν
889 2288 996 2340 τῶν
1053 2288 1211 2358 ἱερῶν
1263 2289 1519 2357 Πατὲρων
1569 2290 1701 2357 φαίη

162 2380 216 2427 ἂν
262 2394 343 2439 τις
376 2378 468 2430 καὶ
504 2378 691 2434 οὐσίαν
724 2379 963 2444 εὐσεϐῶς
1012 2380 1248 2451 ἑκάστην
1287 2381 1395 2434 τῶν
1438 2380 1529 2433 τοῦ
1565 2381 1702 2434 Θεοῦ

163 2467 460 2535 ἐνεργειῶν.
499 2488 518 2519 ›

226 2558 344 2610 Ἔτι
396 2560 649 2627 φρονοῦσι
690 2561 786 2629 τὴν
836 2560 1023 2615 οὐσίαν
1068 2562 1160 2616 τοῦ
1215 2562 1348 2617 Θεοῦ
1397 2563 1702 2634 φθαρτικὴν

166 2643 411 2702 εἶναικαὶ
445 2651 808 2721 ἀναλωτικὴν,
862 2651 1019 2721 εἴπερ
1072 2652 1225 2707 ἔσται
1274 2650 1529 2724 μεθεκτή.
1594 2656 1703 2707 Καί

167 2754 321 2805 φησιν
355 2737 384 2788 6
434 2740 699 2809 Παλαμᾰς
744 2744 803 2794 ὲν
834 2741 912 2811 τῷ
947 2741 1083 2812 πρὸς
1132 2743 1437 2798 ’Δκίνδυνον
1467 2745 1703 2814 πέμπτῳ

165 2830 314 2900 λόγῳ,
336 2847 395 2883 ου
424 2834 455 2900 ή
483 2832 644 2900 ἀρχὴ,
689 2831 873 2886 Ἀλλὰ
906 2832 994 2898 τίς
1024 2832 1100 2885 ἄν
1119 2851 1133 2865 ο
1168 2852 1186 2884 ι
1215 2833 1357 2904 Αὐτὴ
1379 2835 1557 2887 τοίνυν
1583 2836 1704 2887 καθ’

166 2922 322 2986 αὐτὴν
353 2923 384 2988 ή
414 2921 528 2972 θεία
571 2922 904 2991 μετεχομένη
938 2922 1030 2974 καὶ
1063 2922 1446 2993 λαμϐανομένη
1488 2925 1643 2991 φύσις
1670 2925 1702 2993 ἢ

167 3013 369 3079 φυρμὸν
406 3012 670 3076 πείσεται,
813 3013 907 3082 τὴν
962 3013 1704 3085 παθητικὴν-ἐξαναλώσασα

168 3102 349 3167 φἾάσει
372 3103 532 3171 φύσιν
554 3105 679 3172 πρὶν
706 3103 769 3155 ἂν
811 3103 1004 3175 ληφθῇ.
1033 3125 1051 3155 i
1075 3106 1181 3158 Καὶ
1222 3105 1398 3170 πάλιν,
1425 3124 1442 3157 ι
1484 3106 1545 3159 Et
1570 3107 1775 3190 ὅλωςνο

169 3192 305 3243 ἐστὶν
335 3194 363 3244 ὁ
397 3193 528 3255 Θεὸς
555 3194 611 3245 ὲν
642 3194 752 3256 τοῖς
801 3192 994 3257 ἀξίοις,
1026 3194 1108 3244 ὅτι
1149 3196 1276 3246 ποτέ
1315 3196 1427 3246 ἐστι
1468 3194 1585 3247 κατ’
1616 3195 1704 3247 οὒ-

172 3285 361 3353 σῖαν,ἢ
396 3284 555 3353 φύσει
605 3284 760 3346 ϐεοὺς
807 3279 944 3335 εἶναι
988 3285 1220 3354 ἀνάγκη,
1270 3286 1328 3337 οὐ
1368 3287 1549 3355 χάριτι
1580 3288 1706 3348 τοὺς

170 3374 313 3435 beo-3;
354 3376 636 3441 μετόχους,
693 3376 724 3443 ἦ
776 3374 1112 3445 κατακαῆναι
1170 3376 1263 3427 καὶ
1313 3376 1698 3448 διαφθαρῆναι.

173 3462 273 3511 Καὶ
308 3464 362 3513 ὲν
387 3463 462 3533 τῷ
491 3464 641 3532 τόμῳ
672 3465 855 3529 σαφῶς
884 3463 1236 3534 ἐπεκύρωσαν
1266 3465 1443 3529 τοῦτο,
1480 3468 1573 3520 καὶ
1607 3468 1706 3535 τὴν

171 3553 343 3604 οἷσίαν
383 3553 476 3605 τοῦ
510 3553 643 3604 Θεοῦ
686 3554 952 3617 είπόντες,
995 3555 1079 3606 διὰ
1119 3558 1179 3607 τὸ
1220 3558 1370 3625 παρά
1398 3557 1505 3609 τῶν
1536 3558 1706 3625 ἁγίων

171 3642 407 3711 api-13m
460 3643 663 3711 ταύτην
715 3645 1158 3713 ἀπροσπέλαστον
1212 3646 1306 3697 καὶ
1363 3646 1705 3713 ἀμέθεκτον,

173 3732 465 3802 φθαρτικὴν
519 3735 664 3802 ἡμᾶς
714 3729 847 3785 εἶναι
906 3733 1168 3801 νομίζειν,
1220 3737 1343 3792 τοὺς
1381 3736 1522 3787 οὓτω
1577 3736 1706 3804 περὶ

173 3822 359 3890 ταύτης
388 3822 737 3891 φρονοῦντας,
757 3822 802 3875 ὣ
824 3823 1019 3890 τόλμης
1047 3824 1302 3887 ἀσεϐοῦςξ
1343 3827 1705 3895 ἀπεφήναντο⁸

176 3913 257 3963 καὶ
283 3914 451 3966 ταῦτα
478 3913 614 3983 πρὸς
643 3914 883 3982 Μωῡσῆν
907 3912 1000 3966 τοῦ
1040 3915 1173 3967 Θεου
1204 3916 1508 3985 εἰρηκότος,
1542 3936 1561 3969 ι
1601 3920 1707 3971 Οὐ-

173 3997 269 4062 δείς
300 4001 487 4069 δψεται
511 4001 570 4053 τὺ
602 4000 893 4070 πρόσωπόν
928 4015 1030 4070 μου
1058 4004 1147 4055 καί⁵
1173 4003 1414 4073 ζήσεται.
1450 4024 1470 4056 ι

240 4176 353 4229 Ἔτι
382 4173 688 4243 ἐτόλμησαν
713 4177 763 4227 ot
787 4178 943 4229 πάντ’
968 4176 1204 4240 ἀναιδεῖς
1239 4179 1438 4244 εἰπεῖν,
1471 4181 1551 4233 ὅτι
1581 4182 1708 4236 dva-

175 4261 317 4331 λογόν
354 4266 500 4317 ἐστιν
543 4263 731 4334 ὥσπερ
764 4264 832 4316 τὰ
878 4264 936 4317 ιν
972 4266 1050 4334 τῷ
1081 4265 1228 4341 νόμῳ
1273 4269 1545 4339 μυστήρια
1572 4271 1710 4338 πρὸς

174 4353 260 4417 τὰς
281 4354 385 4408 τῶν
415 4354 781 4422 εὐαγγελικῶν
800 4357 1165 4425 κηρυγμάτων
1191 4358 1534 4426 παραδόσεις,
1562 4365 1712 4415 οὕτω

1874 1929 2144 1984 Praeterea
2174 1927 2571 1997 dogmatizant,
2600 1924 2764 1980 etiam
2794 1923 2893 1978 bas
2930 1924 3130 1978 multas
3163 1938 3356 1991 opera-

1804 2019 1981 2073 tiones
2039 2031 2160 2071 esse
2217 2015 2587 2080 substantias;
2628 2022 2791 2083 atque
2848 2014 2924 2066 ait
2978 2011 3247 2075 Palamas,
3298 2011 3355 2064 in

1802 2109 2052 2165 oratione
2097 2106 2164 2161 ad
2203 2107 2520 2175 episcopum
2563 2103 2854 2168 Anensem,
2897 2101 3054 2171 cuius
3113 2100 3354 2163 initium,

1805 2194 2126 2253 Verecundi’a
2174 2212 2355 2250 revera
2390 2196 2587 2249 antisse
2612 2209 2631 2248 :
2670 2211 2689 2245 ι
2734 2193 2802 2248 Ει
2840 2203 3019 2247 tamen
3053 2189 3356 2273 secundum

1805 2290 2031 2343 multam
2078 2301 2266 2341 revera
2327 2293 2383 2340 et
2440 2299 2470 2337 a
2527 2283 2721 2351 spiritu
2781 2282 3075 2336 excitatam
3119 2290 3356 2335 mentem

1804 2388 2116 2434 sanctorum
2146 2377 2394 2438 Patrum,
2422 2370 2626 2426 dixerit
2653 2371 2875 2440 aliquis,
2902 2371 3067 2424 etiam
3097 2369 3355 2423 substan-

1806 2471 1932 2525 tiam
1960 2467 2069 2537 pie,
2106 2477 2547 2533 unamquamque
2568 2460 2665 2514 Dei
2694 2458 3088 2528 operationem.
3131 2477 3151 2510 ι

1875 2561 2141 2616 Praeterea
2194 2556 2443 2611 sentiunt
2494 2551 2860 2608 substantiam
2918 2550 3014 2603 Dei
3075 2548 3190 2603 fore
3238 2562 3359 2601 cor-

1805 2651 2095 2723 ruptivam,
2120 2656 2173 2703 et
2191 2645 2641 2715 consumptivam,
2669 2644 2715 2699 si
2746 2643 2851 2698 erit
2868 2639 3357 2697 ‘communicabilis.

1804 2744 1981 2812 Atque
2020 2740 2096 2793 ait
2134 2738 2398 2800 Palamas,
2430 2736 2483 2789 in
2502 2735 2706 2804 ,quinta
2750 2731 2996 2786 oratione
3030 2729 3095 2783 ad
3126 2728 3361 2796 Acindy-

1803 2830 2131 2899 num,cujus
2168 2827 2418 2881 initium:
2452 2824 2644 2877 Verum
2682 2823 2967 2892 quisnam:
2992 2838 3010 2870 ι
3043 2820 3162 2888 Ipsa
3192 2818 3359 2889 igitur

1804 2938 1902 2991 per
1953 2936 2010 2975 se
2062 2918 2246 2973 divina
2290 2915 2611 2987 participata
2655 2922 2711 2967 et
2762 2919 2974 2979 sumpta
3018 2918 3212 2964 natura
3270 2908 3357 2962 vel

1805 3011 2241 3067 commistionem
2297 3006 2536 3077 patietur
2564 3046 2579 3070 ,
2635 3003 2721 3057 vel
2769 3001 3037 3071 passivam
3062 3009 3308 3054 naturam
3338 3038 3354 3059 ,

1806 3111 2095 3167 antequam
2145 3106 2415 3160 sumatur,
2473 3096 2768 3149 absumens
2836 3089 3139 3145 exhauriet.
3205 3106 3224 3140 ι
3290 3088 3360 3141 Ει

1806 3207 2039 3246 rursus:
2092 3208 2111 3239 ι
2138 3188 2208 3242 -Si
2257 3186 2482 3242 omnino
2505 3186 2664 3260 Deus
2712 3187 2797 3237 est
2833 3182 2885 3237 in
2920 3180 3237 3249 hominibus
3278 3179 3360 3232 di-

1806 3284 1963 3353 gnis,
1999 3280 2264 3350 quidquid
2315 3278 2449 3332 illud
2508 3276 2723 3331 tandem
2767 3275 2837 3329 sit
2888 3273 3186 3329 secundum
3233 3271 3362 3325 sub-

1806 3373 2085 3434 stantiam,
2118 3368 2203 3422 vel
2259 3376 2317 3421 ut
2355 3367 2465 3421 sint
2494 3376 2687 3420 natura
2735 3365 2835 3431 dii,
2892 3378 2999 3417 non
3043 3363 3233 3433 gratia,
3263 3361 3357 3429 qui

1806 3461 1900 3516 Dei
1929 3459 2219 3528 participes
2248 3468 2396 3521 sunt,
2443 3456 2529 3510 vel
2574 3456 2966 3509 comburantur
2998 3462 3052 3505 et
3090 3452 3362 3505 intereant

1805 3566 2029 3607 necesse
2063 3560 2168 3605 est.
2209 3567 2227 3600 ι
2262 3548 2329 3604 Ει
2360 3549 2414 3602 in
2444 3556 2591 3601 tomo
2622 3547 2769 3602 clare
2816 3545 2870 3600 id
2902 3544 3125 3598 decreto
3156 3543 3357 3596 conlir-l

1807 3650 2047 3706 marunt,
2093 3650 2255 3710 atque
2304 3639 2597 3693 dixerunt:
2636 3656 2654 3687 ι
2695 3637 2806 3692 Nos
2852 3634 3212 3691 substantiam
3262 3632 3360 3686 Dei

1806 3734 2113 3813 existimare
2128 3747 2247 3786 esse
2271 3729 2680 3799 corruptibilem
2701 3730 2753 3797 (ο
2778 3725 3291 3796 audaciamimpiam
3319 3724 3357 3789 l)

1807 3811 1905 3891 qui.
1924 3820 1989 3873 de
2013 3835 2072 3872 ea
2113 3818 2184 3872 ita
2208 3817 2505 3882 sentimus;
2537 3832 2603 3870 eo
2633 3816 2778 3884 quod
2802 3831 2828 3868 a
2851 3815 3053 3868 sanctis
3101 3812 3244 3865 dicta
3279 3811 3351 3864 sit

1810 3909 2193 3966 inacccssibilis
2240 3920 2295 3961 et
2336 3905 2883 3969 incommunicabilis,
2918 3903 3211 3974 praesertim
3236 3917 3364 3974 cum

1808 4001 1951 4055 Deus
2000 3998 2065 4053 ad
2112 3998 2329 4070 Moysen
2372 3997 2609 4053 dixerit:
2646 4014 2666 4049 ι
2706 3995 2878 4053 Nemo
2921 3993 3127 4050 videbit
3167 3992 3360 4047 faciem

1808 4105 1981 4144 meam
2011 4098 2067 4142 et
2096 4089 2257 4143 vivet.
2298 4107 2317 4140 ι

1878 4181 2142 4235 Praeterea
2174 4178 2228 4231 in
2258 4177 2513 4233 omnibus
2555 4177 2901 4246 impudentes
2945 4177 3065 4240 ausi
3100 4184 3230 4233 sunt
3266 4175 3359 4229 di-

1809 4278 1931 4326 cere
1958 4268 2363 4338 pr0portionem
2391 4281 2534 4322 esse.
2568 4266 2637 4322 Ut
2668 4282 2727 4323 se
2753 4267 2956 4322 habent
2994 4266 3252 4338 mysteria
3285 4267 3366 4323 le-

1810 4362 1891 4430 gis
1926 4360 2163 4428 antiqua:
2194 4358 2263 4413 ad
2314 4358 2638 4414 traditiones
2681 4358 3042 4426 evangelicas,
3087 4358 3160 4412 ita
3198 4356 3369 4415 etiam

183 4447 260 4498 καὶ
296 4440 453 4509 αὗται
501 4446 637 4516 πρὸς
679 4445 747 4498 τά
777 4445 871 4498 νέα
920 4446 1211 4515 Παλαμικά
1258 4449 1526 4518 δόγματα.
1574 4452 1710 4520 Φησί

1814 4448 2226 4520 praedicationes
2254 4449 2577 4519 evangelica
2601 4448 2670 4503 ad
2687 4463 2823 4503 nova
2842 4449 3069 4504 Palama:
3093 4450 3371 4517 dogmata.

182 4538 276 4623 γὰρ
313 4541 339 4591 ό
391 4537 542 4606 παρά
598 4536 692 4590 τοῦ
745 4536 822 4599 εἰς
875 4539 1214 4607 πατριάρχην
1270 4542 1711 4610 χρηματίσαντος

185 4628 431 4681 Κοκκίνου
462 4627 700 4690 ἐκτεθεὶς
746 4630 819 4688 ὼς
869 4629 977 4681 ἀπὸ
1017 4628 1123 4681 τῶν
1167 4630 1577 4700 Ἀγιορειτικῶν
1629 4635 1716 4685 τό·

185 4731 269 4781 μος
306 4714 619 4777 συστατικὸς
664 4714 742 4767 ὣν
803 4715 896 4768 τοῦ
948 4717 1183 4785 Παλαμᾶ
1221 4720 1381 4772 τάδε·
1419 4738 1437 4771 ι
1494 4720 1573 4773 Τὰ
1614 4723 1713 4790 μὲν

184 4801 366 4870 ἀρτίως
397 4803 847 4873 καθωμιλημένα,
881 4805 973 4856 καὶ
1003 4808 1154 4874 κοινῇ
1188 4808 1352 4860 πᾶσιν
1374 4810 1710 4877 ἐγνωσμένα,

184 4893 268 4944 καὶ
299 4894 576 4965 παρρησίᾳ
624 4896 1002 4963 κηρυττόμενα
1034 4895 1298 4965 δόγματα,
1354 4898 1441 4949 διὰ
1470 4898 1715 4963 Μωσέως

187 4984 377 5054 ὑπῆρχε
418 4987 581 5053 νόμου
614 4987 913 5054 μυστήρια,
943 4987 1055 5049 τοῖς
1103 4988 1410 5056 προφήταις
1441 4988 1620 5057 μόνοις
1656 4996 1712 5043 ὲν

189 5073 443 5143 Πνεὺματι
510 5074 900 5146 προορώμενα·
961 5076 1029 5128 τὰ
1075 5077 1117 5127 δ’
1175 5079 1557 5146 ἐπηγγελμένα
1602 5084 1713 5143 τοῖς

186 5163 344 5230 ἁγίοις
374 5166 554 5232 ἀγαθά
573 5167 714 5219 κατὰ
738 5164 827 5217 τὸν
862 5165 1032 5219 αἰῶνα
1056 5166 1145 5219 τὸν
1171 5169 1432 5234 μέλλοντα
1454 5170 1549 5237 τῆς
1575 5173 1713 5224 κατά

185 5254 239 5305 τὸ
264 5256 581 5324 Εὐαγγέλιόν
614 5261 728 5309 ἐστι
759 5256 1033 5318 πολιτείας
1066 5260 1341 5327 μυστήρια
1364 5262 1472 5321 τοῖς
1506 5260 1591 5314 διὰ
1620 5261 1713 5314 τοῦ

189 5344 481 5415 Πνεῦματος
510 5349 640 5419 όρᾷν
680 5348 1002 5418 ἠξιωμένοις
1028 5349 1121 5400 καὶ
1147 5351 1358 5409 τούτοις
1396 5353 1628 5422 μετρίως
1657 5355 1714 5405 ἐν

188 5436 484 5505 ἂρραὁῶνος
542 5440 698 5508 μέρει
759 5438 1009 5507 διδόμενά
1059 5455 1118 5489 τε
1181 5439 1271 5490 καὶ
1336 5441 1711 5511 προορώμενα.

202 5522 322 5577 Ἀλλ’
354 5528 540 5600 ῶσπερ
570 5527 734 5592 εἴτις
784 5530 892 5581 τῶν
934 5527 1201 5580 Ἰουδαίων
1259 5528 1332 5595 μὴ
1384 5528 1505 5591 μετ’
1558 5530 1715 5584 εὐλα-

194 5613 325 5677 ίείσς
369 5620 579 5673 ἁκούων
630 5619 735 5671 τῶν
782 5616 1073 5689 προφητῶν
1123 5615 1392 5681 λεγόντων
1422 5615 1593 5683 Λόγον
1623 5619 1714 5670 xa‘t

197 5703 398 5775 Πνεῦμα
424 5707 556 5763 Θεοῦ
587 5710 829 5763 συνλῖδιά
866 5725 922 5760 τε
977 5709 1071 5763 καὶ
1100 5703 1417 5775 προκτὼνια,
1453 5711 1711 5779 συνέσχεν

1811 4540 2015 4597 Tomos
2042 4540 2190 4595 enim
2216 4541 2396 4595 editus
2436 4540 2505 4595 ab
2541 4541 2634 4595 illo
2657 4539 2913 4604 Coccino,
2947 4540 3039 4610 qui
3072 4540 3175 4595 l‘uit
3200 4540 3366 4609 patri—

1809 4632 2014 4696 archa,
2072 4630 2292 4686 nomine
2344 4632 2734 4687 monachorum
2783 4632 2964 4685 Sancti
3004 4631 3215 4694 Montis,
3270 4631 3373 4685 ubi

1810 4723 2057 4779 Palamas
2103 4723 2518 4778 commendatur
2555 4732 2611 4778 et
2638 4723 2991 4793 approbatur,
3024 4723 3139 4777 haac
3202 4722 3377 4781 habet

1792 4804 1879 4868 ad
1912 4813 2136 4868 verbum
2178 4831 2195 4866 :
2233 4829 2251 4862 ι
2294 4812 2393 4876 Ea,
2428 4812 2495 4866 de
2517 4813 2717 4881 quibus
2752 4814 2915 4866 modo
2939 4826 3119 4867 sermo
3147 4810 3368 4865 habitus

1810 4909 1915 4966 est,
1939 4912 1993 4957 et
2021 4896 2105 4956 ab'
2121 4902 2379 4956 omnibus
2415 4904 2783 4957 communiter
2813 4902 3019 4956 sancita
3049 4908 3198 4964 sunt,
3218 4917 3375 4969 quam

1811 5005 1916 5059 que
1949 4989 2118 5044 libere
2147 4990 2514 5058 praedicantur
2540 4991 2813 5061 dogmata,
2843 5007 2940 5061 per
2970 4992 3188 5060 Moysen
3211 5001 3367 5044 erant

1810 5080 1944 5149 legis
1990 5080 2267 5148 mysteria,
2327 5096 2447 5149 qua:
2497 5091 2704 5135 tantum
2746 5084 3021 5150 prephetaz
3062 5081 3113 5133 in
3160 5068 3368 5148 Spiritu

1811 5171 2202 5238 praevidebant,
2228 5187 2347 5239 qua:
2373 5183 2507 5226 vero
2535 5173 2803 5240 promissa
2832 5181 2959 5226 sunt
2996 5172 3197 5225 sanctis
3223 5171 3370 5228 bona

1814 5261 1867 5314 in
1906 5260 2350 5327 luturoszeculo,
2385 5273 2514 5317 sunt
2547 5265 2802 5334 mysteria
2839 5262 3132 5331 evargelici
3168 5269 3368 5323 status,

1813 5350 1881 5405 iis
1912 5351 2005 5418 qui
2032 5366 2130 5420 per
2162 5351 2426 5421 Spiritum
2464 5363 2715 5407 sanctum
2746 5366 2809 5406 ea
2841 5351 3027 5405 videre
3063 5351 3207 5419 digni
3238 5350 3367 5410 lacti

1812 5449 1975 5506 sunt;
2002 5441 2203 5514 hisque
2241 5443 2591 5496 mediocriter
2625 5442 2746 5496 loco
2781 5442 3103 5496 arrliabonis
3140 5441 3363 5504 dantur,

1816 5540 1870 5584 et
1899 5531 1967 5584 ab
1999 5532 2063 5583 iis
2112 5531 2501 5599 pra-videntur.
2532 5533 2802 5586 Caeterum
2828 5530 3287 5600 quemadmodum
3319 5533 3366 5586 si

1814 5622 1938 5690 quis
1976 5636 2040 5675 ex
2070 5620 2272 5675 Iuda-is
2319 5638 2425 5675 non
2457 5628 2612 5676 caute
2646 5623 2875 5677 audiens
2905 5620 3199 5690 prophetas
3222 5658 3235 5683 ,
3267 5635 3361 5687 qur.

1818 5710 2027 5775 dicunt,
2066 5709 2299 5766 Verbum
2350 5718 2395 5763 ct
2430 5710 2692 5782 Spiritum
2721 5712 2813 5766 Dei
2845 5726 2961 5765 esse
3000 5718 3262 5765 cozterna
3309 5719 3362 5765 ct

3242 364 3350 425 862
3442 368 3443 371 “
