4126 6322
206 357 310 417 865

220 562 548 630 Ἐκκλησίας
596 563 888 635 διαρρήδην
941 566 1154 632 Ἀρειον
1204 563 1294 613 καὶ
1340 562 1462 620 τούς
1524 557 1745 610 τοιαῦτα

203 651 582 718 τολμήσαντας
613 654 1084 725 παραπεμπούσης
1106 650 1267 715 ἀξίως
1310 649 1386 716 τῷ
1419 648 1762 714 ἀναθέματι..

220 741 378 790 Ἐπεὶ
410 740 464 791 δὲ
490 740 657 792 ταῦτα
689 743 780 793 καί
810 758 951 802 τινες
998 743 1236 807 ἀνοήτως
1264 738 1618 807 παρεισάγειν
1645 737 1758 787 τολ-

205 833 407 896 μῶσιν,
441 830 490 881 οἳ
523 833 610 882 τὸν
653 833 751 899 μὲν
785 832 907 884 Υίδν
934 834 1000 887 ἐκ
1026 805 1124 883 τοῦ-
1151 805 1381 898 Πατρός,
1403 805 1448 896 ἶῆ
1489 828 1582 894 τῆς
1617 829 1749 878 ὐπο-

203 921 488 983 στάσεως,
527 921 558 989 ἢ
605 923 702 987 τῆς
756 921 1023 990 πατρικῆς
1081 919 1338 984 ἰδιότητος
1385 914 1523 968 εἷναι
1571 918 1758 984 ὁμολο-

201 1013 411 1078 γοῦσιν,
457 1015 518 1064 ἐκ
551 1013 606 1065 δὲ
637 1015 734 1080 τῆς
763 1013 948 1073 οὐσίας
984 1011 1078 1062 τοῦ
1123 1010 1330 1078 [ἰατρὸς
1373 1007 1535 1059 αὐτὸν
1570 1010 1761 1071 γεννᾶ-

202 1102 330 1154 σθαι
353 1105 412 1155 οὐ
439 1103 830 1171 παραδέχονται
854 1118 868 1134 ·
901 1101 1005 1153 ἔδει
1034 1101 1152 1169 μηδ’
1185 1099 1495 1166 ἡστινοσοῦν
1524 1099 1757 1166 ἀποκρί-

203 1210 344 1256 σεως
368 1195 550 1258 ἀξιοῦν
584 1197 707 1256 τούς
735 1195 793 1245 οὐ
822 1191 1070 1244 τοσοῦτον
1119 1190 1344 1257 ἀμαθῶς
1374 1207 1432 1240 τε
1469 1191 1559 1241 καὶ
1602 1190 1759 1240 ἀπαι-

200 1285 408 1346 δεύτως
431 1327 442 1342 ,
483 1286 604 1336 ὅσον
639 1281 910 1345 δυσσεϐῶς
941 1281 1080 1335 οὑτω
1106 1281 1510 1346 θεο).ογοῦντας,
1542 1281 1629 1332 καὶ
1653 1297 1758 1344 φα-

200 1378 379 1446 νερῶς
409 1378 502 1438 τάς
533 1377 705 1445 ἀρχάς
749 1375 850 1442 τῆς
898 1376 1127 1433 πίστεως
1162 1373 1585 1442 ἀνατρέποντας.
1616 1371 1758 1438 Πλὴν

200 1467 388 1535 ἐπειδὴ
429 1469 534 1519 πᾶν
592 1466 792 1533 ὕψωμα
829 1465 968 1516 κατά
1014 1465 1112 1528 τῆς
1165 1462 1256 1516 τοῦ
1318 1460 1452 1514 Θεοῦ
1512 1459 1759 1526 γνώσεως

196 1555 583 1623 ἐπαιρόμενον,
619 1554 742 1607 ὅσον
774 1554 804 1621 ἡ
853 1551 1078 1620 δύναμις
1111 1552 1395 1620 ἐπιτράπει
1420 1587 1437 1610 .
1473 1548 1758 1615 καθαιρεῖν

199 1647 295 1697 καὶ
324 1644 628 1713 ἐξελέγχειν
664 1644 954 1710 ἀναγκαῖον
1004 1641 1328 1709 πειρᾶσθαι,
1358 1642 1449 1691 καὶ
1506 1638 1646 1691 κατὰ
1668 1636 1760 1690 τὸν

199 1735 500 1802 κορυφαῖον
523 1733 629 1785 τῶν
659 1734 964 1786 ἀποστόλων
989 1733 1192 1798 Πέτρον
1234 1731 1480 1796 ἑτοίμους
1511 1727 1756 1795 γίνεσθαι

195 1823 306 1893 χρὴ
334 1824 492 1877 παντὶ
521 1825 596 1892 τῷ
624 1822 869 1892 ζητοῦντι
893 1822 1089 1875 διδόναι
1107 1821 1262 1886 λόγον
1284 1821 1411 1888 περὶ
1437 1820 1533 1887 τῆς
1552 1820 1608 1871 εν
1625 1819 1758 1887 ἡμῖν

195 1916 453 1976 πίστεως,
487 1915 722 1965 δεικτέον
748 1914 810 1966 ἂν
853 1914 935 1982 εἴη
962 1913 1127 1965 πο).ὶά
1156 1911 1264 1963 τῶν
1309 1911 1758 1980 ὁμολογουμένων

193 2008 260 2073 τῇ
307 2005 564 2073 καθολικῇ
597 2005 773 2056 πίστει
827 2006 950 2065 τούς
1000 2001 1166 2054 ταῦτα
1219 2002 1470 2068 λέγοντας
1517 1999 1760 2069 ἀναιρεῖν

194 2097 624 2163 ἀναγκάζεσθαι,
652 2097 860 2157 πολλοῖς
885 2113 944 2147 τε
971 2098 1081 2157 τοῖς
1112 2096 1332 2156 ἀτόποις
1354 2093 1754 2162 ἐνέχεσθαι,καὶ

193 2188 335 2246 ὅλως
353 2189 573 2238 ἐκείνων
594 2187 754 2255 μηδὲν
772 2186 878 2239 τῶν
893 2186 1135 2237 παλαιῶν
1154 2183 1444 2252 αίρετικῶν
1460 2184 1752 2252 διαφέρειν.

268 2277 493 2344 Πρῶτον
544 2277 719 2327 τοίνυν
780 2276 1080 2344 ἐρωτητὲον
1129 2275 1321 2335 αὐτοὺς
1353 2313 1365 2335 ,
1414 2273 1594 2325 τίποτε
1656 2274 1754 2341 τὴν

194 2367 493 2418 ὑπόστασιν
524 2360 662 2418 εἶναι
694 2367 1002 2435 νομίζουσιν
1029 2405 1043 2427 ,
1080 2365 1109 2431 ἢ
1146 2364 1270 2430 τῆν’
1294 2363 1566 2429 πατρικὴν
1626 2361 1754 2413 ἰδιό-

192 2472 356 2521 τητα,
383 2455 483 2523 τὴν
515 2455 822 2523 πατρότητα
861 2455 1136 2522 δηλονότι*
1182 2453 1269 2505 ἰνα
1310 2452 1441 2520 πρός
1468 2467 1522 2501 τι
1561 2450 1753 2518 ὁμολο-

193 2544 465 2612 γούμενον
524 2547 645 2607 τοὺς
710 2545 902 2610 λόγους
969 2544 1231 2610 ποιῶμεν,
1286 2543 1380 2594 καὶ
1422 2541 1608 2608 ἐπειδὴ
1659 2541 1751 2610 τὴν

192 2634 384 2685 οὐσίαν
419 2635 553 2703 πρὸς
599 2635 696 2699 τὴν
745 2635 1038 2685 ὑπόστασιν
1084 2632 1497 2699 ἀντιδιαιροῦσι,
1535 2633 1627 2683 καὶ
1658 2630 1751 2682 θά-

192 2742 352 2792 τερον
379 2725 478 2792 οὐχ
506 2720 615 2776 οἷον
639 2725 696 2776 τὸ
726 2724 912 2792 ἔτερόν
945 2739 1099 2791 φασι,
1139 2725 1298 2776 παντὶ
1323 2723 1503 2790 δῆλον,
1541 2724 1623 2775 δτι
1656 2721 1751 2791 τὴν

195 2815 492 2865 ὑπόστασιν
517 2815 938 2882 ὁμολογήσουσιν
977 2808 1116 2864 εῖναι
1161 2813 1261 2865 οὐκ
1297 2813 1507 2865 οὐσίαν.
1543 2813 1613 2865 Τὸ
1643 2814 1750 2883 γάρ

194 2903 576 2970 ἀντικείμενον
611 2907 676 2972 τῇ
710 2903 866 2974 οὐσίᾳ
888 2903 986 2955 οὐκ
1009 2901 1156 2954 εστιν
1183 2903 1365 2962 οὐσία.
1407 2904 1562 2972 καὶεή
1593 2905 1750 2956 οὐσία

195 2993 334 3060 πρὸς
356 2995 416 3045 τὸ
452 2993 526 3060 μὴ
575 2991 634 3044 δν
687 2992 844 3044 οὐσία
894 2992 1218 3047 dimittetur.
1275 2991 1436 3045 Ἀ).λά
1480 2992 1540 3044 τὸ
1572 2993 1646 3060 μὴ
1690 2991 1750 3044 δν

194 3085 356 3137 οὐσία
398 3085 498 3135 οὐκ
534 3083 679 3136 ἐστιν
708 3084 882 3136 οὐσίαο
917 3083 945 3134 ὁ
969 3083 1026 3135 δὲ
1051 3085 1151 3136 οὐκ
1184 3083 1333 3136 εστιν
1375 3084 1553 3147 οὐσία,
1590 3083 1748 3138 ἀνού-
1772 3105 1818 3167 c

196 3192 316 3228 σιον
340 3190 354 3206 ο
387 3174 450 3226 τὸ
487 3174 542 3226 δὲ
589 3174 835 3228 ἀνούσιον
882 3175 1247 3227 ἀνυπόστατον
1281 3190 1296 3203 ·
1338 3174 1478 3227 ὥστε
1511 3176 1611 3241 τὴν
1653 3173 1747 3226 τοῦ

197 3271 410 3338 [ἰατρὸς
437 3270 727 3323 ὑπόστασιν
757 3269 1128 3337 ἀνυπόστατον
1151 3265 1409 3320 τίθενται.
1444 3267 1515 3319 Τὸ
1552 3267 1597 3318 δ’
1619 3266 1748 3318 αὐτὸ

196 3358 293 3410 καὶ
333 3359 392 3422 ἐξ
433 3351 507 3410 ὧν
559 3358 714 3410 αὐτοὶ
762 3357 887 3424 περὶ
912 3355 1101 3418 οὐσίας
1145 3357 1239 3408 καὶ
1268 3356 1546 3422 ἐνεργείας
1575 3352 1749 3408 διαλᾶ-

195 3465 384 3514 γονται
415 3447 773 3513 παριστῶσιν.
826 3445 971 3498 Ἐκεῖ
1017 3447 1122 3515 γὰρ
1156 3446 1245 3498 τδν
1286 3444 1416 3496 Θεὸν
1447 3444 1527 3505 είς
1559 3444 1743 3496 οὐσίαν

197 3538 292 3588 καὶ
322 3537 600 3602 ἐνέργειαν
646 3535 929 3597 διελόντες,
972 3535 1064 3586 καὶ
1111 3534 1240 3588 ἄλλο
1271 3534 1368 3603 μὲν
1415 3536 1513 3602 τὴν
1551 3533 1743 3586 οὐσίαν

198 3628 442 3695 θέμενοι,
471 3626 657 3694 ἕτερον
691 3626 744 3676 δὲ
776 3626 871 3695 τὴν
907 3625 1202 3695 ἐνέργειαν,
1241 3627 1333 3680 καὶ
1363 3624 1568 3692 ταύτην
1601 3625 1745 3678 ἀντι-

196 3718 468 3778 διελόντες
506 3717 638 3783 πρὸς
696 3716 794 3784 τὴν
831 3715 1043 3778 οὐσίαν,
1099 3716 1191 3768 καὶ
1238 3715 1484 3767 ἀνούσιον
1534 3717 1622 3766 καὶ
1649 3716 1743 3765 ἀν-

195 3809 499 3859 υπόστατον
531 3809 866 3875 ὁρισάμενοι,
909 3807 1136 3874 φανερὸν
1183 3805 1262 3858 ὅτι
1312 3806 1590 3858 κάνταῦθα
1648 3803 1744 3871 τὴν

197 3896 498 3948 ὑπόστασιν
526 3896 709 3961 ἕτερον
742 3895 841 3964 τῆς
885 3895 1074 3956 οὐσίας
1111 3894 1360 3960 λέγοντες
1395 3897 1451 3946 ὲν
1496 3896 1558 3962 τῇ
1593 3893 1743 3955 τάξει

196 3989 293 4053 τῆς
351 3987 630 4054 ἐνεργείας
707 3985 914 4055 ταύτην
983 3985 1260 4053 θήσουσιν.
1336 3984 1594 4052 Ἐπείπερ
1648 3966 1758 4049 οὐχ’

197 4078 418 4141 ἕξουσιν
463 4077 594 4150 ,ἀλλο
647 4076 849 4142 τρίτον,
876 4077 902 4127 ὁ
957 4075 1084 4146 μήτ’
1112 4076 1288 4140 οὐσία,
1329 4073 1452 4142 μήτ’
1493 4072 1744 4140 ὶνέργειά

194 4172 346 4220 ἐστιν
378 4169 475 4222 ἐπὶ
501 4167 591 4220 τοῦ
635 4168 788 4221 Θεοῦ.
826 4170 935 4220 Πᾶν
965 4168 1092 4234 γὰρ,
1132 4165 1316 4232 φασιν,
1343 4165 1435 4216 ὲπλ¹
1479 4162 1637 4226 Θεοῦ,
1668 4161 1742 4224 ὡς

195 4258 354 4308 αὐτοὶ
393 4256 605 4317 διεῖλον,
666 4257 696 4322 ἢ
758 4256 948 4318 οὐσία,
996 4254 1027 4322 ἦ
1065 4251 1311 4321 ἐνέργειά
1361 4252 1496 4302 ἐστι’
1531 4251 1591 4302 τὸ
1638 4251 1742 4319 γὰρ

197 4347 546 4414 συμόεὗηκδς
602 4345 711 4396 οὐδ’
762 4345 912 4397 αὐτοὶ
978 4343 1384 4411 παραδέχονται,
1445 4342 1579 4394 ἀλλὰ
1644 4343 1742 4408 τὴν

1122 357 1218 415 DE
1254 349 1766 413 PROCESSIONE
1809 350 2168 416 SPlRlTUS
2210 359 2493 419 SANCTF.

203 475 294 524 καὶ
329 472 615 537 γεννᾶσθαι
667 474 941 535 παντελῶς
996 470 1350 539 ἀπαρνεῖσθαι
1377 511 1390 529 ,
1423 469 1602 534 δῆλον,
1647 467 1745 534 τῆς

1858 470 2082 524 omnino
2134 472 2388 535 inﬁciari.
2422 473 2766 527 manifestum
2807 484 2889 529 est
2936 467 2947 528 ἑ

3303 359 3407 420 866

2997 490 3118 530 cum
3172 475 3412 530 Ecclesia

1863 556 2035 622 palam
2089 559 2297 624 Arium,
2335 572 2388 615 et
2419 577 2513 616 eos
2542 561 2633 630 qui
2667 563 2936 630 ejusmodi
2991 579 3075 617 res
3121 566 3234 618 ausi
3279 566 3410 624 sint,

1859 647 2052 701 merito
2111 652 2450 704 anathemate
2519 655 2869 720 percusserit.
2937 655 3199 718 Quoniam
3280 671 3414 709 vero

1861 738 1974 790 hzec
1995 739 2156 791 etiam
2183 754 2327 793 nunc
2369 742 2617 794 nonnulli
2650 752 2854 796 temere
2888 743 3147 798 inducere
3186 747 3408 808 audent,

1859 829 1951 896 qui
1995 829 2188 882 Filium
2243 846 2307 883 ex
2351 833 2509 885 Patre
2539 834 2757 901 quidem
2785 876 2798 893 .
2835 845 2884 887 et
2917 852 2979 888 ex
3019 837 3292 905 Itypostasi
3323 879 3332 894 .
3360 847 3415 890 et

1859 929 2083 987 paterna
2137 923 2470 990 proprietate
2524 941 2643 980 esse
2699 927 2958 989 fatentur,
2993 944 3097 979 non
3137 938 3316 981 autem
3347 944 3412 981 ex

1860 1011 2162 1063 substantia
2200 1011 2376 1066 Patris
2417 1030 2538 1066 eum
2567 1018 2810 1081 generari
2849 1019 3160 1078 admittunt,
3196 1031 3412 1086 oporte-

1860 1097 1952 1148 bat
1981 1111 2074 1150 eos
2105 1113 2206 1152 nec
2255 1100 2623 1169 qualicunque
2661 1106 3014 1171 responsione
3061 1106 3251 1172 dignos
3282 1123 3414 1159 cen-

1859 1200 2000 1248 sere,
2028 1189 2117 1254 qui
2139 1203 2244 1240 non
2270 1198 2376 1240 tam
2407 1192 2572 1244 stulte
2630 1202 2794 1259 atque
2825 1194 3097 1260 imperite,
3126 1212 3285 1262 quam
3317 1198 3415 1248 im-

1860 1275 1946 1344 pie
1974 1277 2054 1329 sic
2092 1278 2159 1331 de
2207 1279 2314 1331 Deo
2345 1280 2622 1334 disserunt
2655 1322 2666 1341 ,
2705 1297 2767 1335 ac
2821 1285 3104 1339 manifeste
3150 1289 3410 1355 principia

1864 1367 1985 1422 ﬁdei
2023 1369 2268 1423 funditus
2299 1383 2571 1426 evertunt.
2610 1372 2742 1437 Quia
2773 1383 2949 1429 tamen
2977 1392 3156 1436 omne.
3182 1382 3324 1447 quod
3355 1399 3410 1435 se

1858 1459 2071 1512 extollit
2101 1471 2290 1514 contra
2337 1462 2432 1514 Dei
2491 1464 2859 1528 cognitionem
2891 1481 2988 1532 pro
3019 1468 3161 1520 virili
3192 1469 3410 1523 destru-

1859 1563 1949 1602 ere
1997 1564 2058 1602 ac
2108 1550 2435 1619 redarguere
2508 1555 2818 1608 necessario
2864 1557 3146 1611 nitendum
3191 1571 3308 1622 est,
3357 1575 3411 1615 et

1855 1639 2004 1706 juxta
2039 1640 2335 1707 principem
2395 1643 2764 1710 apostolorum
2796 1645 3016 1700 Petrum
3049 1658 3265 1715 paratos
3291 1667 3409 1704 esse

1861 1736 2075 1793 oportet
2112 1731 2176 1782 ad
2209 1729 2537 1784 reddendam
2574 1734 2838 1788 rationem
2876 1740 3020 1791 omni
3051 1743 3312 1806 qumrenti
3343 1744 3410 1797 de

1859 1830 1920 1868 ea
1951 1831 2071 1884 qua:
2116 1819 2168 1871 in
2212 1818 2372 1872 nobis
2417 1828 2499 1873 est
2583 1821 2719 1884 (ide;
2768 1822 3248 1878 demonstrandum
3281 1837 3365 1879 est
3393 1867 3406 1889 ,

1859 1916 1953 1957 eos
1980 1903 2072 1972 qui
2122 1904 2232 1957 haec
2267 1905 2439 1965 aiunt,
2477 1907 2645 1961 multa
2688 1909 2890 1963 invitos
2919 1912 3034 1979 cogi
3078 1913 3358 1968 destruere
3392 1955 3404 1975 .

1857 2011 1978 2064 quae
2011 1995 2112 2049 ﬁde
2147 1997 2408 2050 catholica
2449 1998 2880 2065 exploratissima
2914 2011 3060 2064 sunt,
3112 2005 3407 2072 multisque
3432 2006 3449 2014 ⁴

1858 2085 2110 2138 absurdis
2145 2086 2354 2153 premi;
2406 2096 2569 2154 atque
2601 2088 2667 2140 ab
2718 2090 2825 2141 illis
2858 2091 3100 2158 antiquis
3138 2093 3405 2149 haereticis

1857 2175 1993 2229 nihil
2031 2175 2186 2242 plane
2216 2176 2451 2230 differre.

1927 2269 2166 2322 Primum
2199 2269 2361 2337 igitur
2384 2270 2736 2336 quaerendum
2761 2270 2828 2325 ab
2861 2272 2986 2335 illis,
3018 2275 3272 2341 quidnam
3309 2276 3404 2346 by-

1853 2361 2112 2425 postasim
2149 2372 2266 2412 esse
2291 2360 2625 2424 existiment,
2651 2362 2762 2415 sive
2797 2362 2970 2416 Patris
2995 2367 3397 2432 proprietatem,

1853 2447 2236 2516 paternitatem
2287 2446 2579 2510 videlicet;
2631 2460 2687 2502 ut
2732 2452 2909 2517 posito
2958 2454 3141 2521 aliquo
3188 2456 3240 2507 in
3295 2472 3403 2524 quo

1853 2536 2229 2599 convenimus,
2261 2538 2426 2590 verba
2448 2537 2728 2593 faciamus.
2774 2540 2840 2593 Et
2864 2542 3116 2608 quoniam
3152 2545 3403 2598 substan-

1852 2627 1979 2682 tiam
2041 2641 2092 2680 et
2127 2628 2452 2697 liypostasim
2491 2646 2556 2683 ex
2593 2630 2823 2685 adverso
2850 2645 3151 2701 opponunt,
3192 2645 3246 2689 et
3272 2638 3403 2692 alte-

1852 2730 1970 2768 rum
2014 2717 2166 2769 aiunt
2199 2731 2318 2770 esse
2343 2755 2358 2780 ,
2397 2733 2504 2770 non
2534 2719 2693 2786 quale
2739 2730 2821 2772 est
2862 2722 3090 2774 altertim
3120 2761 3136 2786 ,
3175 2725 3401 2780 cuilibet

1853 2807 2199 2860 manifestum
2233 2816 2351 2872 est,
2389 2808 2532 2876 quod
2582 2811 2916 2878 hypostasim
2973 2825 3076 2865 non
3117 2828 3235 2868 esse
3278 2818 3402 2869 sub.

1850 2899 2101 2952 stantiam
2128 2897 2273 2951 haud
2305 2899 2469 2952 dubie
2498 2900 2818 2954 concedent.
2864 2901 3014 2966 Quod
3046 2905 3190 2957 enim
3233 2920 3400 2974 oppo-

1849 2986 1998 3038 nitur
2029 2984 2368 3048 substantite,
2406 3001 2513 3039 non
2541 2995 2623 3038 est
2659 2988 2984 3051 substantia,
3014 2999 3069 3043 et
3095 2991 3396 3048 substantia

1850 3076 1951 3141 illi,
1977 3075 2121 3146 quod
2155 3089 2262 3128 non
2301 3076 2742 3140 est‘substantia,
2767 3080 3092 3146 opponitur;
3130 3082 3224 3134 sed
3251 3085 3396 3147 quod

1849 3181 1954 3221 non
1988 3174 2073 3220 est
2115 3164 2418 3220 substantia
2448 3204 2462 3228 ,
2529 3164 2831 3219 substantia
2888 3165 3075 3235 utique
3127 3183 3234 3221 non
3270 3178 3395 3232 est;

1847 3255 1993 3325 quod
2019 3266 2200 3310 autem
2238 3269 2346 3308 non
2377 3261 2459 3308 est
2491 3253 2797 3309 substantia
2825 3294 2839 3317 ,
2891 3270 2997 3309 non
3039 3254 3396 3310 substantiale

1845 3355 1929 3401 est
1960 3366 1975 3413 ;
2014 3346 2157 3414 quod
2188 3355 2367 3400 autem
2403 3359 2509 3398 non
2556 3344 2908 3398 substantiale
2935 3353 3046 3405 est,
3080 3360 3186 3398 non
3222 3347 3397 3400 subsi-

1847 3435 1981 3498 stit;
2020 3434 2203 3500 itaque
2258 3430 2434 3485 Patris
2476 3430 2807 3500 bypostasim
2854 3447 2961 3486 non
3010 3431 3393 3487 subsistentem

1846 3532 2074 3595 ponunt.
2110 3522 2221 3576 Hoc
2257 3521 2399 3576 idem
2426 3522 2722 3577 ostendunt
2759 3536 2819 3576 se
2849 3523 3050 3577 sentire
3080 3537 3142 3577 ex
3176 3524 3242 3577 iis
3275 3539 3395 3591 qum

1846 3617 1946 3685 ipsi
2003 3614 2069 3667 de
2113 3613 2416 3667 substantia
2483 3621 2535 3665 et
2601 3611 2918 3679 operatione
2972 3613 3268 3680 disputant.
3315 3615 3392 3667 lbi

1843 3709 1988 3762 enim
2012 3707 2178 3758 Deum
2205 3704 2258 3757 in
2293 3702 2648 3757 substantiam
2673 3711 2728 3756 et
2750 3705 3116 3770 operationem
3141 3703 3394 3756 dividen-

1843 3806 1947 3860 tes,
1968 3805 2129 3864 atque
2155 3794 2300 3847 aliud
2331 3793 2551 3860 quidem
2581 3802 2845 3861 ponentes
2867 3808 2982 3846 esse
3010 3795 3390 3853 substantiam,

1843 3886 1992 3938 aliud
2027 3898 2157 3936 vero
2201 3883 2575 3950 Operationem
2604 3919 2619 3938 .
2675 3881 2805 3933 dum
2856 3881 2994 3934 hanc
3026 3896 3055 3934 a
3095 3882 3394 3936 substantia

1845 3974 2219 4040 distinguunt,
2251 3978 2304 4024 et
2339 3985 2458 4024 eam
2507 3985 2683 4038 neque
2735 3969 3145 4024 substantialem
3168 4011 3181 4033 ,
3218 3987 3391 4040 neque

1844 4063 2229 4118 subsistentem
2263 4067 2534 4125 statuunt;
2555 4058 2896 4112 manifestum
2927 4070 3029 4122 est,
3063 4059 3206 4127 quod
3230 4062 3388 4112 etiam

1844 4151 1949 4205 hoc
1981 4151 2099 4203 loco
2136 4149 2468 4218 hypostasim
2516 4164 2546 4202 a
2587 4149 2888 4200 substantia
2949 4147 3341 4214 distinguentes
3376 4186 3392 4210 ,

1843 4240 2087 4311 ejusdem
2127 4237 2334 4292 ordinis
2368 4237 2699 4306 hypostasim
2759 4248 2812 4290 et
2861 4236 3228 4305 operationem
3261 4253 3392 4289 con-

1843 4333 2088 4388 stituent.
2123 4331 2240 4384 Non
2274 4330 2419 4384 enim
2456 4330 2730 4382 habebunt
2762 4328 2907 4381 aliud
2958 4329 3212 4388 tertium,
3247 4329 3391 4395 quod

198 4440 483 4506 ἐνέργειαν
527 4436 890 4488 ἀνυπόστατον
956 4433 1232 4502 ἡγοῦνται,
1289 4431 1427 4484 ὥστε
1498 4433 1591 4484 καὶ
1640 4433 1738 4502 τὴν

1852 4423 1899 4476 in
1926 4423 2032 4476 Deo
2058 4435 2240 4489 neque
2271 4419 2600 4481 substantia,
2641 4432 2816 4484 neque
2842 4416 3083 4484 operatio
3109 4416 3197 4469 sit.
3222 4415 3393 4471 Omne

199 4530 543 4588 ὑπόστασιν,
599 4527 664 4596 ἣν
713 4526 896 4595 ἓτερον
945 4524 1045 4591 τῆς
1095 4523 1280 4584 οὐσίας
1341 4522 1736 4591 ἰσχυρίζονται,

195 4619 450 4673 ἀνοὺσιον
520 4620 612 4670 καὶ
665 4618 1031 4670 ἀνυπόστατον
1108 4615 1391 4683 ὁμολογεῖν
1449 4615 1589 4666 κατά
1644 4613 1740 4675 τάς

195 4711 376 4764 αὐτῶν
413 4709 807 4775 ἀναγκάζονται
852 4707 1048 4767 θέσεις.
1082 4706 1142 4756 Et
1177 4707 1230 4756 δὲ
1281 4703 1588 4774 καντρίτον
1614 4703 1740 4772 βού-

193 4801 382 4851 λονται
437 4798 536 4863 τὴν
570 4797 865 4848 ὑπόστασιν
918 4792 1143 4853 τιθέναι,
1202 4788 1560 4858 πρῶτον-μὲν
1589 4788 1743 4857 παρὰ

194 4893 289 4951 τὰς
326 4889 504 4941 αὐτῶν
553 4888 667 4938 ἐστι
723 4885 918 4945 θέσεις,
958 4882 1074 4934 καθ’
1125 4881 1188 4942 ἃς
1245 4880 1426 4941 ἁπλῶς
1480 4879 1569 4931 τὸν
1610 4877 1740 4930 Θεὸν

196 4983 274 5041 είς
298 4979 488 5030 οὐσίαν
519 4977 777 5044 διαιροῦσι
813 4976 902 5025 καὶ
934 4974 1228 5040 ἐνέργειαν·
1260 4970 1471 5032 ἔπειτα,
1506 4968 1533 5020 ὅ
1557 4985 1608 5021 τι
1641 4968 1740 5037 μὲν

197 5071 276 5122 δεῖ
321 5071 449 5136 περὶ
508 5069 605 5135 τῆς
636 5066 982 5125 ὑποστάσεως
1019 5066 1234 5133 φρονεῖν
1277 5061 1393 5130 μετ’
1429 5058 1605 5127 ὀλίγον
1643 5062 1742 5128 ρη-

196 5159 446 5227 θήσεταιο
477 5157 610 5224 πρὸς
647 5157 702 5208 δὲ
753 5155 814 5206 εδ
868 5154 1063 5222 παρὸν,
1112 5154 1194 5205 ὁτι
1239 5150 1300 5203 οὐ
1354 5166 1520 5218 φασιν
1570 5149 1740 5218 αὐτὴν

197 5246 390 5298 οὐσίαν
442 5238 600 5303 εἶναι,
635 5243 793 5295 τοῦτο
853 5243 1008 5306 μόνον
1040 5241 1217 5308 ἀρκεῖ.
1252 5240 1371 5293 Ὀτι
1395 5238 1450 5291 δὲ
1494 5238 1584 5292 τὸν
1611 5238 1741 5290 Θεὸν

196 5341 274 5398 εἰς
331 5336 520 5387 οὐσίαν
563 5334 825 5394 διελόντες
866 5334 960 5386 καὶ
1004 5335 1321 5399 ἐνέργειαν,
1370 5329 1613 5382 ἀνούσιον
1643 5327 1740 5396 τὴν

195 5429 482 5496 ἐνέργειαν
545 5428 636 5476 καὶ
691 5426 1062 5478 ἀνυπόστατον
1117 5421 1449 5483 πιστεύουσι,
1484 5418 1643 5486 δῆλον
1676 5417 1740 5466 ἐκ

196 5517 305 5567 τῶν
347 5512 824 5582 περιειλημμένων
856 5511 931 5579 τῷ
956 5510 1084 5575 περὶ
1113 5510 1294 5569 οὐσίας
1349 5508 1441 5557 καὶ
1469 5505 1740 5574 ἐνεργείας

197 5609 372 5674 τόμῳ,
408 5603 466 5655 δν
512 5606 589 5665 εἰς
635 5602 916 5670 ὁμολογίαν
962 5600 1056 5668 τῆς
1094 5597 1299 5650 ἑαυτῶν
1353 5594 1582 5654 πίστεως
1621 5592 1740 5643 avs-

197 5695 437 5767 γραψαν.
467 5693 623 5748 Οὓτω
652 5693 756 5762 γὰρ
785 5693 896 5746 ἐκεῖ
924 5693 1054 5757 πρὸς
1077 5689 1151 5757 τῷ
1182 5689 1320 5741 τέλει
1351 5687 1542 5738 κεῖται.
1579 5683 1739 5752 Ἡμῖν

1844 4516 2015 4578 enim,
2067 4515 2241 4576 aiunt,
2295 4511 2348 4564 in
2380 4512 2510 4570 Deo,
2545 4519 2598 4562 ut
2650 4509 2749 4576 ipsi
2784 4508 3105 4571 diviserunt,
3140 4515 3233 4561 aut
3267 4510 3395 4562 sub-

1845 4602 2061 4666 stantia,
2089 4612 2183 4656 aut
2211 4601 2452 4668 operatio
2485 4607 2601 4661 est;
2631 4597 2883 4652 accidens
2913 4597 3055 4651 enim
3087 4595 3259 4666 neque
3292 4599 3389 4667 ipsi

1846 4693 2159 4754 admittunt,
2192 4690 2285 4743 sed
2315 4674 2684 4756 operationem
2716 4702 2822 4738 non
2860 4687 3242 4739 subsistentem
3272 4700 3393 4739 esse

1845 4782 2158 4837 existimant
2191 4779 2325 4833 adeo
2369 4787 2427 4830 ut
2457 4777 2789 4848 bypostasim
2814 4811 2830 4836 .
2860 4791 3017 4843 quam
3038 4775 3181 4828 aliud
3213 4790 3240 4827 a
3265 4775 3395 4828 sub;

1846 4874 2045 4929 stantia
2076 4886 2193 4926 esse
2224 4868 2584 4931 contendunt,
2609 4865 2904 4920 secundum
2937 4881 3064 4918 suas
3099 4864 3392 4934 positiones

1847 4979 1952 5019 non
1985 4962 2388 5018 substantialem
2421 4973 2559 5023 esse,
2592 4972 2766 5026 neque
2808 4956 3191 5010 subsistentem
3236 4955 3388 5030 lateri

1847 5065 2129 5124 cogantur.
2177 5053 2329 5117 Quod
2378 5053 2421 5104 si
2474 5050 2692 5104 tertium
2746 5048 3002 5116 quiddam
3062 5048 3388 5116 bypostasiin

1846 5161 1966 5201 esse
2022 5145 2198 5198 facere
2231 5141 2455 5202 volunt,
2488 5139 2720 5208 primum
2778 5136 2994 5205 quidem
3051 5136 3151 5187 lioc
3195 5145 3388 5200 praeter

1849 5251 2035 5292 eorum
2070 5233 2364 5303 positiones
2391 5240 2494 5290 est,
2521 5231 2671 5297 juxta
2705 5241 2840 5294 quas
2878 5223 3193 5292 simpliciter
3221 5225 3387 5276 Detim

1850 5327 1903 5380 in
1951 5323 2304 5378 substantiam
2340 5329 2393 5372 et
2436 5318 2804 5387 operatimiem
2866 5315 3131 5367 dividunt.
3183 5315 3387 5367 Deinde

1847 5414 1977 5484 quid
2009 5410 2345 5465 sentiendum
2374 5409 2442 5461 sit
2476 5406 2543 5459 de
2595 5403 2868 5474 bypostasi
2912 5403 3071 5473 paulo
3104 5415 3220 5469 post
3243 5403 3386 5456 dice—
3487 5477 3491 5482 η

1851 5512 1958 5556 tur.
2003 5499 2061 5553 In
2109 5498 2423 5567 praesentia.
2454 5509 2580 5548 vero
2611 5493 2743 5546 satis
2785 5501 2886 5553 est,
2931 5491 3072 5559 quod
3104 5505 3219 5542 eam
3262 5490 3388 5545 sub.

1848 5591 2095 5645 stantiam
2127 5604 2246 5642 esse
2282 5595 2496 5657 negant.
2518 5584 2671 5650 Quod
2705 5591 2882 5638 autem
2924 5583 3089 5634 Deum
3140 5579 3387 5634 dividen—

1851 5691 1928 5736 tes
1951 5682 2003 5734 in
2035 5680 2389 5735 substantiam
2412 5687 2465 5732 et
2492 5675 2880 5746 operationem,
2909 5671 3225 5724 arbitratiqu
3261 5685 3388 5738 epe-
