4126 6322
202 352 310 416 869

1115 349 1211 413 DE
1256 350 1767 412 PROCESSIONE
1805 349 2161 409 SPlRlTUS
2201 350 2485 411 SAN'CTI.

3307 358 3416 420 8'10

205 469 343 537 αὑτὴ
382 467 459 535 τῷ
495 466 709 537 ἀριθμῷ
741 504 754 529 ,
794 463 915 520 οὔτε
955 466 1246 536 ἀγέννητός
1288 469 1456 530 ἐστιν,
1492 465 1611 518 οὗτε
1651 483 1770 531 γεν-

1877 475 1930 517 et
1965 462 2152 516 eadem
2185 480 2432 528 numero,
2461 479 2636 532 neque
2671 464 2911 534 ingenita
2943 473 3044 530 est,
3073 481 3246 534 neque
3277 472 3423 532 geni-

207 559 364 629 νητὴ,
394 557 508 608 οὐτ’
541 557 970 624 ἐκπορευομένη,
1001 557 1175 619 ἄλλως
1200 559 1306 624 γὰρ
1340 559 1490 625 τρεῖς
1530 555 1595 608 ἂν
1630 551 1772 625 ﬁo.»

203 651 389 701 οὐσίαι
446 650 891 719 διακεκριμέναι,
933 650 1325 718 ἀπολελυμέναι
1382 647 1643 714 ἀλλήλων,
1675 650 1772 699 καὶ

206 741 590 808 ἀντικείμεναι
637 739 916 807 ἀλλήλαιςο
949 741 1193 792 λείπεται
1230 738 1394 808 μηδὲν
1423 738 1550 791 ἄλλο
1582 737 1770 805 προϊέ-

206 848 296 884 ναι
339 832 399 894 ἐξ
437 832 620 894 ἄλλον,
660 835 708 886 εἰ
756 833 829 902 μὴ
864 831 1099 900 ἰδιότητα
1130 832 1188 896 ἐξ
1231 830 1510 893 ἰδιότητος,
1549 829 1644 880 εἶτ’
1678 827 1772 879 οὖν

206 924 304 993 τὴν
352 924 579 994 υἱότητα
613 926 674 976 ἐκ
704 925 800 993 τῆς
834 923 1198 992 πατρότητος.

285 1014 410 1065 Ἔτι
438 1033 498 1066 τε
533 1016 657 1068 ἐπεὶ
699 1017 723 1067 ὁ
763 1014 862 1082 μὲν
902 1014 1030 1075 Υἱὸς
1073 1014 1167 1066 καὶ
1191 1014 1250 1065 τὸ
1283 1014 1506 1080 Πνεῦμα
1536 1014 1594 1066 τὸ
1618 1011 1772 1078 ἅγιον

207 1109 278 1160 ἐκ
301 1108 397 1161 τοῦ
433 1109 642 1177 [ἰατρὸς
687 1106 1053 1174 ὁμολογεῖται,
1084 1108 1112 1157 ό
1159 1106 1215 1156 δὲ
1255 1105 1442 1174 Πατὴρ
1486 1106 1627 1156 κατὰ
1669 1105 1768 1166 τὰς

207 1196 394 1258 θέσεις
429 1195 606 1248 αὐτῶν
632 1195 695 1246 ἐκ
717 1197 815 1262 τῆς
850 1192 1128 1261 πατρικῆς
1177 1192 1461 1260 ἰδιότητος,
1498 1190 1620 1258 τήτις
1660 1190 1770 1240 οὐτ’

205 1286 371 1340 οὐσία
425 1284 536 1337 οὐθ’
573 1283 873 1346 ὑπόστασις
937 1285 1080 1346 ἐστι,
1130 1281 1225 1336 καὶ
1281 1282 1441 1332 τοῦτο
1492 1283 1631 1332 κατὰ
1671 1281 1770 1341 τὰς

209 1376 394 1438 θέσεις
433 1373 631 1436 αὐτῶν,
670 1373 847 1426 πάντα
897 1371 954 1424 δὲ
1015 1373 1079 1423 ἐκ
1137 1370 1234 1422 τοῦ
1289 1370 1502 1438 [ἰατρὸς
1537 1371 1624 1422 διὰ
1676 1368 1770 1421 τοῦ

207 1465 342 1518 Υῐοῦ
370 1467 427 1517 ἐν
456 1464 735 1534 Πνεὺματι
758 1464 896 1532 ἁγίῳ
918 1463 1059 1516 κατὰ
1083 1463 1206 1525 τοὺς
1225 1461 1507 1529 θεολόγους
1528 1462 1770 1528 γέγονεν·

205 1554 726 1623 ἀναγκασθήσονται
778 1553 839 1605 τὸ
884 1551 959 1622 μὴ
989 1551 1235 1618 ὑφεστὼς
1267 1550 1373 1603 τῶν
1406 1550 1567 1602 θείων
1601 1565 1772 1621 προσ-

207 1642 378 1696 ώπων
418 1643 511 1696 καὶ
550 1643 729 1712 πάσης
768 1641 867 1710 τῆς
909 1641 1142 1702 κτίσεως
1167 1639 1334 1692 αἴτιον
1367 1639 1597 1691 τιθέναι.

1877 564 1948 615 ta,
1978 568 2152 621 neque
2185 554 2482 621 procedens
2518 570 2532 606 :
2562 554 2722 607 aliter
2760 555 2904 607 enim
2945 562 3055 608 tres
3083 565 3262 631 essent
3300 557 3424 610 sub-

1875 644 2090 697 stantim
2126 643 2400 707 discretae,
2434 644 2698 697 absolutae
2728 644 2872 718 inter
2908 659 2985 705 se,
3019 653 3182 711 atque
3209 647 3423 712 apposi-

1875 745 1940 788 ιω
1968 735 2032 788 ad
2062 734 2288 787 invicem
2318 753 2329 786 :
2359 735 2626 802 reliquum
2669 743 2772 798 est,
2808 745 2867 787 ut
2896 736 3030 787 nihil
3064 735 3208 787 aliud
3231 750 3428 803 prove-

1875 825 1988 876 niat
2029 841 2093 877 ex
2134 827 2257 886 alio,
2309 825 2414 878 nisi
2462 825 2764 894 proprietas
2814 840 2880 880 ex
2915 827 3271 895 proprietate,
3315 826 3428 880 sive

1874 916 2064 968 liliatio
2093 931 2156 968 ex
2196 917 2543 983 paternitate.

1942 1005 2230 1069 Praeterea,
2261 1008 2514 1074 quoniam
2543 1007 2712 1060 Filius
2744 1015 2798 1060 et
2819 1006 3056 1075 Spiritus
3111 1017 3331 1061 sanctus
3358 1023 3423 1061 ex

1877 1098 2030 1150 Patre
2085 1111 2206 1150 esse
2259 1099 2536 1150 communi
2592 1108 2860 1151 consensu
2911 1097 3213 1166 recipitur,
3268 1099 3428 1150 Pater

1875 1195 2080 1247 autem,
2135 1189 2439 1241 secundum
2491 1203 2682 1242 eorum
2734 1189 3059 1256 positiones,
3090 1203 3156 1240 ex
3205 1196 3426 1256 paterna

1875 1288 1959 1331 est
1991 1277 2346 1346 prOprietate,
2378 1295 2499 1347 qua:
2532 1293 2706 1346 neque
2751 1279 3076 1342 substantia,
3115 1293 3291 1346 neque
3330 1279 3427 1347 hy—

1873 1367 2108 1435 postasis
2138 1374 2243 1430 est,
2278 1367 2440 1435 idque
2481 1367 2778 1420 secundum
2829 1366 3071 1435 ipsorum
3107 1367 3425 1435 positiones,

1875 1457 2056 1509 omnia
2099 1466 2278 1509 autem
2326 1459 2465 1509 facta
2495 1467 2621 1509 sunt
2658 1457 2813 1525 juxta
2851 1457 3131 1524 theologos
3154 1471 3228 1509 ex
3268 1457 3429 1510 Patre

1873 1561 1973 1613 per
2026 1546 2221 1599 Filium
2285 1545 2338 1597 in
2379 1545 2590 1613 Spiritu
2657 1555 2868 1612 saneto,
2898 1555 3161 1615 cogentur
3216 1546 3431 1614 aliquod

1875 1637 2018 1706 quod
2051 1649 2161 1688 non
2205 1634 2473 1696 subsistit,
2505 1643 2559 1688 et
2603 1635 2912 1689 divinarum
2960 1651 3336 1704 personarum,
3376 1646 3435 1691 et

1877 1727 2041 1779 totius
2064 1734 2324 1780 creatura:
2342 1741 2545 1795 ponere
2570 1740 2807 1781 causam.

281 1799 410 1852 Ἔτι
468 1814 529 1850 τε
593 1793 1098 1864 ἀναγκασθήσονται
1147 1793 1426 1862 ὁμολογεῖν
1482 1792 1574 1846 ἐπὶ
1629 1791 1764 1845 Θεοῦ

1942 1818 2205 1871 Praeterea
2235 1827 2497 1887 cogentur
2528 1817 2684 1870 fateri
2745 1832 2864 1872 com
2885 1819 3195 1874 )ositionem
3227 1829 3346 1875 esoe
3375 1820 3431 1874 in

215 1890 497 1956 σύνθεσιν,
532 1888 581 1939 ει
635 1888 836 1958 καὶμὴ
881 1888 990 1956 τῆς
1033 1885 1218 1944 οὐσίας
1264 1885 1484 1954 καὶτῆς
1531 1886 1770 1939 ὑποστά-

211 1992 382 2039 σεως,
411 1975 510 2045 τῆς
542 1991 599 2027 τε
643 1976 981 2044 πατρότητος
1012 1974 1108 2027 καὶ
1138 1974 1401 2042 υιότητος,
1426 1975 1462 2028 ἃ.
1492 1974 1596 2028 τῶν
1635 1976 1772 2045 πρός

208 2065 263 2116 τί
309 2067 478 2120 ἐστιν.
527 2067 594 2117 Ἀ
632 2066 696 2136 δή
734 2067 870 2136 πρός
911 2082 987 2130 τι,
1035 2065 1229 2132 ἐφόσον
1271 2067 1388 2117 ἐστὶ
1436 2068 1668 2137 πρᾶγμά
1695 2085 1768 2133 τι,

210 2156 468 2209 σύνθεσιν
502 2159 718 2226 ποιήσει
825 2157 890 2210 ἂν
922 2158 1309 2226 προσγένηται.
1347 2158 1465 2209 Ἔτι
1495 2175 1550 2209 τε
1587 2159 1768 2228 δεήσει

216 2247 569 2315 συμϐεϐηκὸς
614 2247 773 2300 τοῦτο
826 2249 1079 2314 φάσκειν·
1119 2249 1226 2298 πᾶν
1256 2247 1362 2312 γὰρ
1393 2247 1578 2315 χρῆμα
1608 2251 1664 2299 ἐν
1691 2249 1768 2316 τῷ

207 2340 543 2406 ἐνυπάρχειν
580 2339 641 2390 τὸ
695 2335 830 2390 εἶναι
864 2337 1011 2406 ἔχον,
1065 2335 1409 2405 συμϐεϐηκός
1445 2339 1608 2389 ἐστιν.
1648 2336 1766 2386 Ἔτι

207 2447 267 2481 τε
305 2430 488 2498 δεήσει
547 2445 600 2481 τι
657 2431 886 2500 πρᾶγμα
924 2428 1074 2498 παρὰ
1126 2428 1224 2495 τὴν
1270 2425 1364 2478 τοῦ
1416 2427 1550 2477 Θεοῦ
1580 2427 1766 2477 οὐσίαν

208 2517 354 2572 εῐναι
385 2520 624 2574 αἰώνιον.
667 2522 733 2573 ’Δ
782 2519 846 2589 δὴ
892 2520 1070 2574 πάντα
1112 2517 1364 2584 αἱρετικὰ
1420 2517 1512 2568 καὶ
1568 2519 1765 2570 ἄτοπα·

207 2614 406 2666 ἕπεται
442 2614 626 2682 μέντοι
663 2614 774 2675 τοῖς
806 2612 903 2682 τὴν
933 2616 1251 2682 πατρότητα
1281 2611 1374 2663 καὶ
1403 2608 1499 2679 τήν
1530 2610 1767 2663 ὑπόστα-

213 2723 298 2758 σιν
340 2705 528 2772 ἓτερον
567 2706 664 2774 τῆς
699 2704 883 2766 οὐσίας
924 2702 1250 2773 τιθεμένοις.

1874 1909 1981 1961 Deo
2011 1948 2024 1971 ,
2069 1908 2171 1961 etsi
2225 1923 2332 1962 non
2397 1909 2711 1962 substantiae
2739 1946 2755 1971 ,
2805 1918 2861 1962 at
2898 1909 3216 1964 substantia:
3271 1920 3432 1979 atque

1873 1997 2251 2066 hypostaseos,
2283 1999 2627 2065 paternitatis
2685 1999 2815 2051 item
2869 2014 2933 2052 ac
2973 1999 3268 2062 liliationis,
3307 2016 3427 2068 qua:

1869 2086 1937 2137 ad
2001 2085 2207 2152 aliquid
2267 2088 2489 2162 relativa
2544 2097 2692 2140 sunt.
2728 2088 2857 2151 Qua:
2911 2103 3043 2140 sane
3091 2089 3154 2140 ad
3199 2089 3426 2156 aliqud,

1871 2185 2140 2243 quatenus
2169 2189 2291 2228 sunt
2335 2177 2515 2243 aliqua
2561 2192 2681 2238 res,
2713 2179 3168 2244 compositionem
3218 2179 3430 2233 facient

1866 2275 1990 2313 cum
2021 2276 2086 2314 eo
2133 2261 2198 2314 ad
2244 2260 2389 2329 quod
2435 2263 2794 2315 accesserint.
2826 2261 3095 2316 Praeterea
3146 2278 3285 2330 opus
3323 2265 3433 2318 erit

1867 2352 2117 2405 accidens
2163 2351 2308 2405 istud
2351 2369 2639 2409 asserere:
2679 2354 2879 2422 quippe
2919 2353 3093 2406 omnis
3135 2369 3243 2419 res,
3276 2358 3435 2425 cujus

1871 2457 1992 2497 esse
2022 2453 2106 2497 est
2139 2444 2191 2495 in
2219 2458 2360 2508 esse,
2391 2445 2646 2499 accidens
2697 2453 2800 2497 est.
2848 2445 3114 2496 Praeterea
3140 2459 3273 2512 opus
3304 2449 3427 2508 erit,

1876 2542 1935 2586 ut
1968 2533 2148 2601 aliqua
2183 2550 2271 2586 res
2299 2547 2494 2602 prater
2530 2535 2624 2589 Dei
2669 2535 3028 2588 substantiam
3093 2536 3165 2588 sit
3205 2548 3426 2592 aeterna.

1875 2622 2004 2685 Quae
2051 2632 2196 2678 certe
2223 2625 2404 2677 omnia
2442 2625 2696 2680 liazretiea
2724 2635 2851 2678 sunt
2881 2635 2936 2679 et
2964 2624 3216 2687 absurda,
3244 2642 3443 2681 neces-'

1876 2714 2027 2766 sario
2055 2722 2235 2767 tamen
2262 2724 2651 2782 sequuntunex
2676 2731 2865 2771 eorum
2897 2716 3188 2780 sententia,
3214 2717 3305 2783 qui
3331 2733 3428 2786 pa-

209 2798 528 2852 ternitatem
565 2805 646 2855 et,
682 2796 1018 2866 hypostasim
1057 2797 1202 2850 aliud
1247 2811 1365 2852 esse
1404 2811 1435 2850 a
1481 2798 1780 2853 substantia
1811 2811 2042 2870 ponunt.

799 2891 1048 2943 ΚΕΦΑΛ.
1099 2889 1172 2945 Β’.

2481 2901 2702 2956 CAPUT
2742 2901 2805 2956 ll.

211 2981 385 3069 Κατὰ⁹
407 2983 542 3069 silva
587 2980 702 3046 τὴν
732 2979 989 3069 ἐγκριαῇ
1015 2981 1168 3035 ἄλλο
1213 2984 1432 3069 ορσζαις
1465 2985 1770 3069 καὶᾶλλο

1871 2985 1982 3050 Quo
2015 3003 2165 3041 sensu
2195 2990 2368 3042 dicant
2400 2989 2622 3069 ιξιεοζοςιὶ
2665 2995 2947 3069 aliud_esse
2974 2999 3347 3069 substantiam,
3375 3013 3425 3057 et

253 3093 256 3095 μ
356 3053 701 3104 ὑπόστασιν
727 3055 780 3104 οι
817 3053 1082 3118 θεολόγοι
1111 3055 1302 3120 φασιν
1329 3053 1424 3106 ἐπὶ
1458 3056 1625 3109 Θεοῦ.

295 3147 541 3214 ’Λνάγκη
569 3144 753 3197 τοίνυν
777 3144 866 3196 διὰ
893 3143 1067 3196 ταῦτα
1093 3146 1191 3206 τὰς
1218 3145 1391 3214 ἀρχὰς
1417 3147 1512 3215 τῆς
1539 3147 1770 3212 πίστεως

213 3236 614 3305 φυλάττοντας,
647 3234 682 3303 ἥ
717 3250 850 3303 φησι
897 3232 991 3286 τὸν
1029 3233 1192 3286 αὐτὸν
1221 3235 1354 3287 Θεὸν
1382 3236 1477 3288 ἕνα
1503 3236 1643 3290 εἶναι
1677 3241 1771 3292 καὶ

210 3330 368 3398 τρία,
401 3328 596 3380 οὐσίαν
622 3327 1050 3395 τὴνηὺπόστασιν
1088 3327 1183 3376 καὶ
1217 3320 1314 3395 τὴν
1352 3326 1589 3395 ἰδιότητα
1628 3328 1770 3381 τιθέ-

211 3437 302 3473 ναι
343 3420 456 3481 τοῖς
505 3416 776 3485 θεολόγοις
810 3417 1117 3486 ἑπομένως.
1168 3419 1242 3471 Οὑ
1287 3418 1380 3471 καὶ
1426 3419 1548 3470 καθ’
1579 3418 1772 3487 ἑτέραν

211 3507 377 3571 αὖθις
409 3509 620 3562 ἔννοιαν
646 3509 774 3562 ἄλλο
803 3509 961 3562 οὐσία
991 3510 1084 3563 καὶ
1134 3509 1262 3562 ἄλλο
1308 3509 1602 3570 ὑπόστασις
1640 3507 1771 3576 παρ’

214 3601 398 3654 αὐτῶν
419 3599 526 3653 τῶν
557 3600 896 3656 διδασκάλων
927 3602 1167 3672 εἴρηται·
1214 3601 1308 3654 καὶ
1339 3601 1486 3661 ὅπως
1511 3600 1771 3669 ἑκάτερον

211 3691 511 3762 ἀληθεύειν
536 3682 762 3746 δυνατὸν
798 3695 857 3745 ἐν
894 3694 1006 3755 τοῖς
1032 3692 1316 3760 ἑπομένοις
1355 3691 1674 3761 ῥηθήσεται.
1708 3688 1775 3742 Εἴ

212 3802 266 3838 τι
293 3785 392 3854 μὲν
415 3783 509 3836 οὖν
543 3785 637 3835 καὶ
664 3782 962 3852 βαθύτερον
999 3781 1235 3836 ἐνταῦθα
1261 3781 1488 3852 θεωρεῖν
1526 3779 1618 3852 ἦν,
1645 3784 1773 3852 περὶ

213 3875 415 3928 τούτου
468 3874 529 3927 τό
571 3889 636 3942 γε
687 3873 784 3928 νῦν
830 3869 970 3925 εἶναι
1023 3873 1422 3944 παραιτητέον,
1467 3873 1563 3926 τοῦ
1610 3873 1771 3939 λόγου

215 3965 359 4035 πρὸς
389 3964 588 4033 ἄνδρας
619 3961 812 4028 δντος,
869 3961 919 4015 οἱ
977 3961 1053 4032 μὴ
1095 3961 1382 4031 δυνάμενοι
1431 3962 1502 4016 τὰ
1551 3965 1616 4016 ἐκ
1663 3963 1773 4016 τῶν

216 4056 502 4124 λογισμῶν
559 4053 849 4119 συνιέναι,
911 4051 1098 4120 ὥσπερ
1154 4054 1204 4105 οι
1258 4053 1540 4106 κακόσιτοι
1593 4054 1773 4106 πᾶσαν

216 4146 449 4218 τροφὴν,
476 4143 617 4198 οὑτω
646 4146 743 4198 καὶ
763 4136 908 4197 οὗτοι
943 4143 1122 4196 πάντα
1144 4143 1574 4212 ἀποστρέφονται
1591 4143 1768 4208 λόγον’

218 4241 284 4294 ἐκ
341 4239 398 4291 δέ
449 4237 560 4291 τῶν
624 4235 955 4290 διδασκάλων
1020 4234 1398 4303 ἐπιχειρητέον
1455 4231 1532 4302 τῷ
1581 4231 1764 4302 λόγῳ,

2383 3062 2530 3113 aliud
2560 3066 2903 3131 hypostasim.

1938 3146 2172 3204 Necesse
2198 3160 2281 3204 est
2310 3151 2477 3220 igitur
2534 3164 2823 3223 propterea
2856 3159 3126 3230 principia
3165 3161 3286 3217 fidei
3315 3179 3428 3220 ser-

1817 3299 1819 3301 .
1872 3249 2068 3294 vantes
2106 3242 2246 3308 (qua:
2282 3243 2444 3297 docet
2475 3246 2950 3306 eumdemDeum
2998 3270 3161 3309 unum
3219 3271 3336 3310 esse
3377 3267 3434 3318 et

1872 3332 2395 3395 trial,substantiam
2434 3350 2637 3402 ponere
2672 3353 2792 3392 esse
2841 3340 3172 3410 liypostasim
3202 3357 3258 3400 et
3301 3363 3429 3415 pro-

1872 3423 2185 3491 prietatem,
2215 3425 2368 3494 juxta
2400 3428 2705 3482 doctrinam
2749 3430 3148 3503 theologorum.
3171 3435 3431 3502 Quamvis

1871 3515 2167 3566 secundum
2199 3516 2357 3568 aliam
2386 3518 2800 3588 intelligentiam
2839 3539 3029 3580 rursus
3060 3527 3262 3581 dictum
3295 3531 3361 3582 sit
3398 3548 3425 3583 a

1871 3603 2182 3659 doctoribus
2233 3607 2379 3661 aliud
2414 3623 2534 3664 esse
2571 3613 2930 3670 substantiam
2951 3655 2966 3679 ,
2990 3627 3044 3672 et
3079 3619 3226 3674 aliud
3257 3620 3431 3691 hypo-

1871 3697 2080 3760 stasim,
2109 3709 2284 3761 quave
2313 3697 2522 3753 ratione
2549 3709 2842 3771 utrumque
2867 3703 2985 3759 .lieri
3017 3715 3213 3773 potest,
3242 3718 3304 3762 ut
3339 3726 3432 3762 ve-

1871 3796 1996 3836 rum
2025 3783 2118 3848 sit,
2145 3783 2198 3836 in
2228 3789 2698 3855 consequentibus
2729 3792 2964 3850 dicetur.
3000 3794 3056 3850 Si
3087 3798 3219 3865 quid
3259 3798 3430 3867 igitur

1870 3881 1924 3928 et
1958 3874 2123 3929 altius
2148 3874 2238 3930 hic
2281 3886 2399 3933 erat
2441 3880 2919 3950 considerandum,
2951 3885 3018 3942 de
3054 3885 3158 3943 hoc
3185 3888 3238 3942 in
3287 3905 3433 3960 pra:-

1871 3966 2050 4020 sentia
2074 3965 2370 4034 disserere,
2401 3972 2926 4038 praetermittendum
2953 3985 3058 4043 est,
3087 3992 3212 4032 cum
3243 3995 3435 4034 sermo.-

1866 4054 1944 4108 sit
1992 4055 2058 4112 ad
2110 4055 2383 4123 homines,
2424 4059 2516 4126 qui
2580 4061 2804 4116 minime
2861 4065 3143 4133 percipere
3185 4069 3434 4134 valeant,

1872 4156 1994 4219 qua:
2037 4151 2166 4197 sunt
2215 4146 2728 4216 ratiocinationum,
2779 4155 3237 4221 quemadmodum
3288 4160 3424 4212 male

1874 4233 2066 4287 nutriti
2122 4233 2408 4296 fastidiunt
2459 4254 2677 4295 omnem
2732 4242 2946 4307 cibum;
2992 4244 3073 4299 sic
3122 4247 3283 4300 etiam
3336 4250 3422 4302 isti

221 4328 495 4399 σαφηνείᾳ
525 4325 823 4396 χρωμένοις
856 4326 979 4376 ὅσον
1006 4317 1118 4376 οἷόν
1141 4340 1221 4377 τε.
1256 4324 1365 4377 Καὶ
1393 4323 1606 4393 πρῶτον
1632 4323 1770 4377 κατὰ

1875 4340 2089 4380 omnem
2128 4338 2454 4383 aversantur
2488 4331 2775 4385 rationem.
2823 4333 2870 4385 Α
2896 4333 3213 4392 doctoribus
3241 4349 3422 4393 autem

217 4421 342 4475 τινα
370 4423 477 4490 τὴν
525 4418 733 4472 ἔννοιαν
782 4416 910 4470 ἄλλο
941 4415 1135 4469 οὐσίαν
1170 4415 1265 4468 καὶ
1309 4415 1439 4468 ἄλλο
1477 4415 1771 4468 ὑπόστασιν

216 4515 266 4566 oi
301 4512 546 4579 θεολόγοι
587 4509 738 4578 φασιν
768 4507 1044 4577 δεύτερον,
1093 4506 1239 4568 ὅπως
1293 4505 1471 4572 οὐσία,
1498 4506 1592 4559 καὶ
1636 4505 1771 4558 ὑπό-

221 4623 433 4669 στασις,
474 4605 567 4656 καὶ
601 4603 800 4673 ἰδιότης
829 4602 921 4654 ἐπὶ
958 4601 1093 4653 Θεοῦ
1142 4598 1340 4652 ταύτόν
1369 4600 1505 4654 ἐστι.
1549 4598 1772 4667 Ῥητέον

223 4697 686 4768 προϐαλλομένοις
722 4698 749 4748 ὅ
783 4710 948 4762 φησιν
979 4695 1007 4745 ό
1037 4693 1206 4762 μέγας
1251 4690 1526 4753 Βασίλειος
1556 4690 1613 4742 ἐν
1654 4691 1773 4743 ἐπι-

225 4789 388 4858 στολῇ
431 4790 501 4857 τῇ
550 4787 676 4854 περὶ
706 4785 968 4852 διαφορᾶς
1010 4783 1195 4845 οὐσίας
1247 4783 1344 4834 καὶ
1397 4782 1768 4842 ὑποστάσεως’

220 4879 300 4943 ὡς
331 4877 390 4930 ὃν
426 4875 583 4943 λόγον
628 4874 743 4943 ἔχει
791 4874 854 4925 τὸ
885 4872 1062 4925 κοινὸν
1102 4871 1234 4940 πρὸς
1287 4871 1348 4922 τὸ
1401 4869 1552 4932 ἴδιον,
1583 4867 1772 4921 τοῦτον

221 4971 339 5042 ἔχει
376 4970 411 5040 ή
454 4966 614 5019 οὐσία
651 4965 790 5036 πρὸς
828 4964 924 5032 τὴν
959 4962 1281 5016 ὑπόστασιν.
1312 4959 1422 5030 Τὴν
1447 4959 1502 5011 δὲ
1535 4959 1770 5011 ὑπόστα-

224 5079 312 5114 σιν
345 5060 375 5109 ὸ
421 5057 779 5128 Δαμασκηνὸς
828 5052 1144 5124 ὁριζόμενος
1191 5052 1314 5121 ἔφη,
1358 5069 1378 5103 ι
1442 5050 1772 5112 ’Υπόστασίς

221 5152 340 5202 ἐστι
380 5151 442 5203 τὸ
471 5149 654 5202 κοινὸν
693 5147 827 5218 μετὰ
867 5143 962 5199 τοῦ
1021 5143 1331 5205 ἰδιάζοντος.
1371 5160 1392 5195 ι
1432 5143 1496 5194 Ti
1528 5144 1582 5196 δέ
1632 5142 1765 5194 αὑτὸ

219 5240 282 5291 τὸ
317 5239 499 5293 κοινὸν
553 5239 736 5300 αὐτοῖς
792 5235 1062 5307 βούλεται,
1096 5231 1353 5302 ἐμφανῶς
1383 5228 1538 5294 αὖθις
1565 5233 1592 5284 ὁ
1633 5232 1772 5294 θεῖος

219 5329 499 5392 Βασίλειος
536 5331 594 5382 ἐν
628 5332 691 5398 τῇ
744 5329 879 5398 πρὸς
911 5327 1002 5379 τὸν
1049 5324 1274 5391 ἀδελφὸν
1310 5323 1610 5392 Γρηγόριον
1639 5327 1763 5376 ἐπι-

225 5419 387 5489 στολῇ
421 5421 801 5488 παραδέδωκεν
851 5415 1051 5470 εἰπών’
1093 5434 1111 5467 ι
1143 5415 1229 5488 4⁸11
1263 5413 1643 5484 μένςκοινότης
1692 5415 1770 5476 εἰς

219 5512 322 5580 τὴν
352 5511 541 5563 οὐσίαν
577 5510 876 5578 ἀνάγεται*
928 5511 959 5578 ή
1005 5509 1059 5560 δὲ
1110 5507 1404 5567 ὑπόστασις
1459 5507 1518 5558 τὸ
1569 5507 1771 5569 ἰδιάζον

221 5603 454 5670 ἑκάστου
491 5602 715 5670 σημεῖόν
757 5604 893 5653 ἐστι.
941 5619 959 5652 ι
999 5599 1166 5665 Δῆλον
1212 5596 1303 5650 οὖν
1349 5599 1412 5649 ἐκ
1444 5595 1666 5660 τούτων,
1696 5597 1770 5659 ὡς

224 5695 288 5749 τὸ
320 5694 421 5767 μιν
466 5694 644 5750 κοινὸν
681 5692 756 5762 τῷ
786 5691 967 5755 ἁπλῶς
1017 5689 1288 5758 ἀναλογεῑ,
1345 5689 1404 5743 τὸ
1442 5686 1496 5742 δὲ
1537 5689 1667 5745 ῐδιον
1688 5686 1765 5756 τῷ

1871 4431 2178 4473 sermonem
2230 4420 2553 4489 aggrediar,
2613 4423 2860 4478 claritate
2915 4435 3112 4492 utens,
3166 4440 3422 4498 quantum

1872 4506 1990 4562 ﬁeri
2017 4517 2215 4577 potest.
2242 4510 2306 4563 Et
2340 4512 2769 4581 primum,juxta
2805 4532 2968 4585 quam
3012 4518 3425 4587 intelligentiam

1871 4599 2020 4653 aliud
2048 4615 2170 4654 esse
2216 4603 2598 4668 substantiam,
2627 4606 2774 4659 aliud
2819 4607 3145 4677 bypostasim
3189 4610 3422 4681 theologi

1872 4691 2047 4747 aiunt.
2085 4691 2396 4745 Secundum
2427 4731 2442 4757 ,
2469 4709 2708 4762 quonam
2740 4696 2900 4750 modo
2931 4699 3240 4757 substantia
3266 4742 3281 4767 ,
3321 4703 3422 4768 liy-

1871 4781 2103 4848 postasis
2163 4790 2218 4834 et
2246 4782 2551 4850 preprietas
2595 4783 2650 4836 in
2679 4784 2790 4839 Deo
2821 4787 2962 4841 idem
3000 4790 3089 4843 sit.
3121 4789 3432 4842 Dicendum

1874 4871 2040 4939 igitur
2097 4872 2253 4925 nobis
2296 4880 2378 4926 est
2441 4873 2570 4928 illud
2624 4880 3096 4946 proponentibus,
3150 4881 3293 4949 quod
3350 4895 3474 4937 as-

1871 4975 2098 5030 magnus
2127 4960 2362 5017 Basilius
2409 4963 2462 5016 in
2491 4965 2719 5033 epistola
2747 4967 2834 5020 ubi
2868 4968 2978 5037 agit
3007 4971 3074 5024 de
3113 4970 3424 5026 dillerentia

1871 5053 2188 5108 substantiae
2220 5062 2275 5107 et
2325 5055 2721 5124 liypostaseos:
2758 5059 2901 5125 quod
2942 5076 3103 5130 quam
3152 5065 3427 5118 rationem-

1873 5143 2038 5197 habet
2067 5158 2355 5198 commune
2384 5145 2448 5199 ad
2485 5150 2787 5216 proprium,
2816 5151 2957 5206 hanc
2984 5151 3144 5206 liabet
3173 5155 3439 5208 substan—

1873 5235 1946 5287 tia
1985 5234 2052 5288 ad
2083 5234 2436 5306 byposmsim.
2472 5237 2810 5308 Hypostasim
2851 5251 3031 5295 autem
3058 5243 3440 5300 Damascenus-

1872 5324 2153 5390 deﬁniens,
2211 5325 2330 5380 ait:
2391 5344 2408 5378 ι
2472 5328 2788 5398 Hypostasis
2835 5341 2918 5385 est
2963 5347 3252 5388 commune
3300 5351 3438 5388 curm

1871 5417 2117 5485 proprio.
2155 5436 2173 5469 ι
2218 5417 2358 5485 Quid
2407 5429 2585 5474 autem
2625 5421 2768 5489 apud
2816 5423 2962 5491 ipsos
2992 5424 3094 5479 hoc
3132 5441 3433 5481 commune

1872 5507 1975 5562 sibi
2015 5508 2184 5574 velit,
2217 5525 2406 5565 rursus
2439 5510 2582 5565 clare
2626 5511 2782 5567 divus
2813 5513 3047 5570 Basilius
3088 5516 3328 5579 tradidit,
3363 5518 3416 5572 in

1871 5600 2096 5668 epistola
2155 5599 2222 5654 ad
2263 5600 2578 5672 Gregorium
2631 5602 2895 5672 fratrem,
2946 5625 2964 5657 ι
3026 5605 3418 5675 Communitas,

1873 5689 2147 5760 inquiens,
2171 5690 2236 5745 ad
2274 5693 2634 5750 subsuntiam
2665 5696 2916 5766 refertur,
2951 5696 3254 5769 hypostasis
3285 5714 3424 5756 vero.
