4126 6322
104 425 186 486 ὃθιὶ

987 420 1081 480 DE
1125 415 1629 475 PROCESSiONE
1670 415 2025 475 Si’llilTUS
2065 413 2333 473 SANCTI

3166 409 3272 470 εει

103 554 205 603 νης·
239 534 298 585 οὐ
312 551 380 584 τω
421 535 515 586 καὶ
548 536 611 585 τὰ
655 534 888 601 ἑπόμενα
935 532 1010 599 τῷ
1042 531 1172 600 πρός
1214 547 1264 581 τι
1295 528 1630 581 ἀποδίδονται
1660 527 1705 586 Α

1746 529 1819 581 :ui
1876 529 2141 582 inexsistit
2199 528 2268 581 ob
2341 540 2606 581 summam
2653 523 3053 593 simplicitatem
3120 532 3281 593 atque

106 626 474 692 epafpztnuii;
498 628 562 693 τῇ
588 626 763 693 οὐσία,
793 624 981 691 ἐξόςον
1004 624 1118 674 ἐστὶ
1164 623 1256 674 καὶ
1282 620 1412 689 πρός
1443 636 1512 679 τι,
1538 620 1632 670 καὶ

104 720 170 768 δὴ
189 714 339 767 τοῦτο
362 717 451 766 καὶ
472 716 529 765 τὸ
547 714 944 784 πραγματικῶς
971 711 1337 781 διακρίνεσθαι
1364 710 1460 762 καὶ
1484 711 1630 761 ἀντι-

105 809 288 858 κεῐῖθαι
330 806 634 858 ἀποδίδοται
681 806 838 873 αὐτῇ,
879 806 979 856 οὐκ
1015 805 1204 870 ἐφόσον
1236 802 1416 868 μέντοι
1453 799 1630 861 οὐσία,

107 897 195 949 ἀλλ’
222 898 412 963 ἐφόσον
448 897 581 965 πρός
611 913 685 948 τι.
716 896 795 948 Τὰ
819 895 929 962 γὰρ
958 895 1092 962 πρός
1124 912 1196 954 τι,
1228 894 1277 944 εί
1310 892 1405 944 καὶ
1434 892 1491 942 ἐν
1519 892 1632 952 τοῖς

108 986 456 1052 συμὸεϐηκόσι
486 988 849 1054 περιέχονται,
876 985 988 1037 ἀλλ’
1011 984 1071 1035 οὐ
1102 982 1381 1052 δηλοῦνται
1410 980 1549 1033 κατά
1571 981 1634 1032 τὸ

107 1079 406 1144 ἐνυπάρχειν
432 1093 447 1107 ο
484 1076 638 1141 λόγος
680 1077 788 1144 γὰρ
827 1074 921 1127 τοῦ
970 1072 1367 1143 συμϐεϐηκότος
1418 1071 1533 1123 ἐστὶ
1573 1070 1634 1122 τὸ

107 1169 427 1235 ἐνυπάρχειν.
460 1166 533 1228 ὡς
563 1167 595 1228 ὴ
638 1165 867 1233 ποσότης
895 1166 990 1217 καὶ
1024 1164 1244 1232 ποιότης
1264 1178 1280 1194 ·
1308 1162 1422 1215 ἀλλ’
1451 1162 1525 1221 ὡς
1555 1162 1634 1222 είς

106 1272 144 1303 τι
184 1254 284 1317 ἔξω
324 1250 571 1319 δηλοῦται
597 1268 612 1282 ο
644 1250 830 1318 ὥσπερ
872 1248 1208 1321 ἡέπιστήμη
1247 1248 1439 1315 ἐφόσον
1486 1246 1634 1299 ἐστὶν

106 1344 323 1408 ἀναφορά
349 1342 485 1408 προς
510 1340 569 1393 τὸ
597 1340 908 1410 ἐπιστητὸν.
935 1342 1027 1392 καὶ
1050 1340 1144 1408 οὐχ
1173 1341 1244 1401 ὠς
1264 1339 1396 1402 ἕξις,
1426 1338 1540 1393 ἀλλ’
1562 1338 1634 1399 ὡς

108 1432 330 1499 ἀναφορὰ
352 1432 653 1498 θεωρεῖται,
682 1432 779 1483 οὐκ
804 1430 917 1482 ἔστι
938 1430 1030 1481 τοῦ
1051 1431 1405 1497 ἐπισταμένου
1426 1428 1500 1491 ὡς
1524 1428 1635 1492 ἕξις

108 1524 459 1589 ἐνυπάρχουσα
477 1520 736 1588 δηλονότι,
761 1521 895 1573 ἀλλά
917 1519 1007 1571 τοῦ
1028 1520 1315 1584 ἐπιστητοῦ
1338 1536 1351 1549 ·
1380 1520 1510 1586 πρὸς
1529 1521 1635 1586 γὰρ

107 1614 154 1662 τδ
175 1612 455 1677 ἐπιστητὸν
481 1615 829 1681 ἀναφέρεται.
862 1611 1022 1663 Ὅθεν
1045 1612 1140 1662 καὶ
1169 1612 1222 1662 αί
1250 1610 1518 1678 ἀναφοραὶ
1538 1610 1634 1677 οὐχ

107 1703 253 1764 οὕτως
285 1704 466 1771 ἔχουσι
499 1706 634 1756 κατά
672 1704 763 1755 τὸν
793 1704 987 1771 τρόπον
1019 1703 1117 1770 τῆς
1144 1702 1350 1767 οὐσίας,
1380 1700 1492 1753 ἀλλ’
1519 1700 1635 1751 ἓτε-

112 1809 185 1857 ρον
211 1795 303 1860 τρζ
314 1810 409 1844 πον
444 1796 772 1863 κατηγορίας
798 1794 947 1863 παρὰ
974 1793 1040 1844 τά
1064 1792 1335 1854 οὐσιωδῶς
1370 1792 1637 1858 λεγόμενα

110 1885 155 1933 ἐν
187 1884 259 1950 τῷ
288 1882 425 1951 Θεῷ.
471 1884 534 1935 Ἡ
569 1885 668 1951 μὲν
714 1883 821 1951 γὰρ
856 1883 1010 1935 οὐσία
1052 1884 1111 1934 οὐ
1150 1884 1365 1948 λέγεται
1401 1884 1534 1951 πρός
1564 1901 1637 1949 τι,

109 1972 211 2023 οὐδέ
238 1989 292 2024 τι
324 1971 450 2026 ἄλλο
478 1973 638 2024 ταυτὸ
656 1976 720 2041 τῇ
751 1974 906 2041 οὐσία
923 1973 1030 2024 τῶν
1056 1973 1246 2033 κοινῶς
1274 1975 1365 2025 καὶ
1386 1974 1647 2026 ἀπολελυ-

115 2064 267 2128 μένως
301 2063 636 2130 λεγομένων·
682 2064 715 2129 η
752 2062 813 2115 δὲ
844 2062 1116 2132 πατρότης
1151 2061 1239 2113 καὶ
1290 2063 1473 2131 υίότης
1504 2063 1643 2115 κατά

111 2156 194 2222 τὴν
234 2154 342 2206 τῶν
374 2155 718 2222 ἀναφορικῶν
746 2154 906 2222 φύσιν
938 2155 1069 2223 πρὸς
1104 2155 1333 2224 ἀλλήλας
1370 2156 1639 2222 λέγονται.

115 2246 354 2313 Καθάπερ
384 2240 475 2297 οὖν
496 2248 529 2313 ἡ
558 2246 713 2312 σοφία
738 2246 954 2298 ἐπειδὰν
981 2246 1036 2298 ἐν
1083 2247 1159 2317 τῷ
1184 2248 1351 2315 Πατρὶ
1376 2248 1644 2317 θεωρῆται

112 2336 167 2401 τῇ
193 2335 323 2403 πρὸς
346 2336 443 2401 τὴν
470 2335 657 2387 οὐσίαν
689 2338 935 2404 ἀναφορᾷ
962 2354 1019 2387 τε
1057 2338 1150 2389 καὶ
1180 2337 1471 2405 ἀποδλέψει
1495 2342 1645 2408 κοινή

114 2427 212 2476 ist:
243 2426 318 2492 τῷ
349 2425 461 2491 Υίῷ
480 2442 494 2455 ο
529 2431 625 2493 μία
657 2427 762 2494 γάρ
785 2428 862 2495 τῷ
879 2428 1094 2497 ἀριθμῴ
1128 2428 1285 2495 σοφία
1312 2431 1457 2481 ἐστὶν
1480 2431 1507 2483 ό
1535 2433 1642 2483 Πα-

114 2516 203 2581 τὴρ
230 2516 319 2566 καὶ
349 2519 376 2567 ό
405 2515 529 2576 Υἱός
548 2532 562 2544 °
598 2517 815 2569 ἐπειδὰν
842 2518 896 2569 δὲ
923 2517 996 2578 ὡς
1028 2518 1266 2584 γεννῶσα
1299 2521 1455 2586 σοφία
1487 2521 1515 2572 ό
1538 2521 1646 2572 [Ια-

115 2606 201 2671 τὴρ
230 2606 448 2672 νοῆται,
486 2606 586 2657 οὐκ
621 2606 765 2656 ἔστιν
797 2609 830 2674 ἡ
868 2608 1004 2674 αὐτὴ
1040 2610 1102 2676 τῇ
1134 2612 1363 2677 γεννητῇ
1397 2612 1578 2680 σοφίᾳ,
1611 2611 1644 2678 ἦ

114 2697 254 2772 ἐστιν.
280 2699 308 2747 ὁ
340 2696 461 2757 Υἱὸς
494 2700 631 2748 κατά
657 2699 714 2749 τὸ
738 2700 931 2765 γεννᾷν
963 2699 1057 2750 καὶ
1090 2701 1379 2764 γεννᾶσθαι
1407 2700 1647 2769 δηλονότι

114 2786 187 2837 διὰ
218 2788 313 2854 τὴν
350 2789 480 2855 πρὸς
502 2787 699 2854 ἄλληλα
726 2789 1003 2860 ἀναφοράν
1023 2802 1035 2814 ⁸
1070 2788 1210 2841 οὕτω
1235 2790 1297 2857 δὴ
1329 2790 1422 2841 καὶ
1449 2792 1647 2858 πατρό·

113 2891 199 2941 της
220 2879 311 2928 καί
342 2879 521 2945 υίότης
548 2880 616 2946 τῇ
647 2878 745 2945 μὲν
791 2878 920 2946 πρὸς
957 2878 1051 2946 τὴν
1077 2879 1261 2929 οὐσίαν
1285 2881 1526 2949 ἀναφορᾷ
1557 2881 1647 2932 οὐ·

117 2962 192 3012 σία
225 2964 340 3015 ἐστὶ
370 2966 465 3015 καὶ
490 2964 547 3015 τὸ
574 2965 725 3028 αὐτὸ,
758 2968 824 3034 τῇ
860 2965 917 3017 δὲ
947 2967 1080 3035 πρὸς
1109 2966 1342 3033 ἀλλήλας
1382 2968 1648 3022 ἀντιθέσει

115 3054 235 3103 εἰσιν
260 3052 625 3119 ἀντικείμενα,
658 3054 749 3105 καὶ
774 3054 883 3106 οὐδ’
916 3056 1075 3124 ἑτέρα
1100 3056 1335 3125 ήὲτέρα.
1368 3058 1518 3110 Ἐπεὶ
1544 3060 1648 3127 γάρ

1735 619 1995 672 unitatem
2031 636 2044 673 :
2082 619 2184 671 nisi
2212 618 2450 671 crassius
2482 617 2796 683 accipiatur,
2820 614 3277 683 quemadmodum

1731 718 1786 762 ct
1820 725 2012 764 manus
2030 720 2084 763 et
2110 709 2272 777 pedes
2298 708 2354 762 in
2388 708 2495 762 Deo
2528 707 2782 766 dicimus.
2818 718 2910 760 aut
2939 707 2981 760 si
3022 706 3280 760 diﬂercn-

1735 802 1807 855 tia
1853 802 2233 857 consideretur
2284 802 2513 863 ratione,
2556 815 2662 853 non
2702 815 2799 855 re:
2850 800 2930 854 sic
2974 799 3137 852 etiam
3163 811 3283 867 qua:

1733 901 2142 959 consequuntur
2181 891 2495 944 relationem
2541 889 2916 943 attribuuntur
2966 887 3284 941 substantia

1734 977 1953 1029 realitcr
1982 985 2251 1045 quatenus
2278 986 2361 1031 est
2384 984 2439 1030 et
2479 976 2689 1036 relatio,
2712 985 2770 1029 et
2799 985 3086 1043 propterea
3116 975 3280 1028 etiam

1732 1068 1876 1136 quod
1908 1067 2274 1136 distinguatur
2308 1068 2545 1131 realiter,
2580 1076 2635 1122 et
2674 1078 3002 1136 opponatur,
3037 1067 3288 1121 attribui-

1738 1166 1822 1209 tur
1872 1157 1994 1225 ipsi,
2028 1173 2136 1210 non
2177 1166 2356 1212 tamen
2407 1169 2678 1226 quatenus
2707 1169 2789 1213 est
2822 1159 3148 1220 substantia,
3188 1157 3285 1212 sed

1736 1259 2005 1315 quatenus
2050 1259 2131 1302 est
2184 1249 2395 1311 relatio,
2442 1264 2561 1317 qua:
2596 1251 2739 1302 enim
2779 1259 2905 1303 sunt
2956 1248 3019 1301 ad
3057 1250 3282 1318 aliquid,

1736 1338 1984 1406 quamvis
2038 1339 2180 1393 inter
2242 1340 2544 1393 accidentia
2591 1340 3114 1401 Contineantur,scd
3173 1356 3281 1394 non

1736 1429 2111 1499 signiﬁcantur
2162 1430 2459 1484 secundum
2498 1430 2832 1483 inexsistere.
2861 1428 3110 1482 Definitio
3138 1430 3282 1481 enim

1735 1521 2034 1577 accidentis
2084 1532 2165 1575 est
2206 1522 2551 1585 inexsistere,
2582 1530 2639 1573 ut
2676 1520 2967 1589 quantitas,
2998 1527 3051 1571 et
3114 1522 3285 1588 qu:di-

1739 1624 1843 1674 tas,
1879 1612 1971 1665 sed
2018 1610 2209 1665 relatio
2260 1611 2600 1680 significatur
2640 1628 2735 1680 per
2773 1612 2839 1665 ad
2886 1612 3030 1665 aliud
3081 1612 3287 1664 extrin—

1739 1716 1933 1765 secus;
1966 1702 2106 1756 sicut
2161 1700 2410 1762 scientia,
2451 1711 2718 1769 quatenus
2757 1708 2840 1754 est
2892 1700 3080 1753 relatio
3135 1700 3198 1752 ad
3234 1700 3283 1751 id

1739 1793 1882 1862 quod
1930 1794 2124 1853 scitur.
2147 1807 2324 1860 neque
2361 1802 2420 1844 ut
2456 1792 2697 1854 habitus.
2731 1790 2823 1844 sed
2852 1799 2910 1845 ut
2941 1792 3131 1845 relatio
3160 1807 3287 1843 con-

1743 1888 2033 1950 sideratur,
2089 1903 2195 1940 non
2247 1897 2331 1942 est
2372 1888 2613 1945 scientis.
2671 1896 2727 1939 ut
2788 1886 3016 1939 habitus,
3070 1890 3289 1942 scilicet

1743 1978 2089 2039 inexsistens.
2126 1978 2217 2032 sed
2272 1979 2495 2034 scibilis.
2525 1980 2603 2033 Ad
2639 1978 2841 2033 scibile
2866 1972 2985 2034 cnim
3021 1975 3287 2034 refertur.

1744 2066 1897 2122 Unde
1941 2078 1995 2122 et
2038 2069 2330 2123 relationes
2374 2085 2480 2123 non
2536 2071 2607 2125 ita
2659 2085 2717 2124 se
2753 2070 2952 2125 habent
2991 2073 3287 2139 secundum

1746 2158 1965 2212 modum
2002 2159 2339 2221 substantia},
2375 2158 2468 2212 sed
2506 2159 2804 2213 secundum
2853 2158 3021 2213 alium
3071 2160 3291 2214 modum

1745 2251 2179 2319 praedicatnenti,
2220 2258 2414 2316 praeter
2463 2264 2525 2302 ea
2576 2264 2697 2318 qua:
2748 2249 3179 2303 substantialiter
3207 2250 3292 2302 di-

1745 2350 1946 2394 cuntur
2005 2341 2055 2394 in
2108 2340 2599 2408 Deo.,Subs:antia
2648 2341 2793 2394 enim
2840 2356 2946 2393 non
2997 2341 3199 2394 dicitur
3226 2341 3292 2392 ad

1746 2429 1979 2497 aliquid;
2017 2443 2193 2498 neque
2223 2428 2425 2495 aliquid
2451 2428 2593 2481 aliud
2629 2426 3022 2481 identiﬁeatum
3049 2428 3296 2482 substan-

1748 2521 1835 2574 tia:
1875 2536 1937 2573 ex
1985 2521 2051 2574 iis
2105 2534 2221 2588 qua!
2266 2520 2627 2572 communiter
2660 2527 2713 2571 et
2738 2518 2982 2572 absolute
3013 2518 3294 2572 dicuntur.

1748 2610 2045 2665 Paternitas
2093 2620 2271 2662 autem
2321 2620 2483 2677 atque
2536 2608 2743 2669 tiliatio.
2773 2608 3075 2663 secundum
3131 2618 3289 2662 natu-

1749 2716 1861 2754 ram
1920 2700 2388 2762 relativorum,ad
2434 2698 2664 2753 invicem
2710 2695 2989 2755 dicuntur;
3023 2698 3294 2764 Quemada

1749 2790 1965 2843 modum
2003 2790 2166 2856 igitur
2214 2789 2477 2856 sapientia
2509 2787 2728 2856 quando
2779 2787 2831 2840 ia
2865 2788 3021 2841 Patre
3053 2791 3301 2842 conside-

1748 2887 1920 2943 ratur,
1970 2881 2254 2942 relatione,
2295 2890 2454 2947 atque
2514 2890 2762 2947 respectu
2815 2880 2880 2932 ad
2943 2880 3299 2934 substantiam

1748 2970 2051 3025 communis
2081 2980 2164 3024 est
2216 2970 2368 3033 Filio,
2393 2986 2495 3023 una
2536 2972 2680 3024 enim
2721 2985 2947 3023 numero
2976 2979 3059 3024 est
3081 2973 3300 3039 sapien-
3366 2988 3367 2991 ‘

1749 3058 1822 3111 tia
1854 3058 2011 3111 Pater
2063 3053 2119 3111 et
2168 3058 2355 3111 Filius.
2391 3057 2523 3112 Cum
2570 3072 2698 3110 vero
2741 3059 3115 3112 consideratur
3144 3059 3301 3113 Pater

116 3146 216 3194 ἐστι
246 3147 299 3196 ἐν
320 3144 396 3212 τῷ
425 3144 541 3213 Θεῷ
572 3145 748 3197 τελεία
777 3148 1048 3215 πατρότης
1076 3149 1167 3199 καὶ
1197 3149 1397 3215 υίότης,
1432 3150 1649 3202 ἐπειδὰν
1676 3159 1719 3217 c

1754 3156 1807 3201 ut
1840 3148 2103 3217 sapientia
2157 3162 2439 3216 generans.
2490 3162 2594 3201 non
2628 3156 2709 3199 est
2749 3148 2939 3201 eadem
2967 3164 3090 3202 eum
3122 3151 3301 3218 genita

116 3238 508 3305 ἀπολελυμένους
548 3241 604 3289 ἐν
631 3240 694 3306 τῇ
725 3239 878 3306 οὐσίᾳ
911 3238 1217 3305 θεωρῶνται
1239 3280 1254 3304 ,
1286 3244 1349 3309 τῇ
1385 3240 1481 3309 μὲν
1519 3241 1651 3309 πρὸς

117 3329 202 3394 τὴν
232 3329 418 3379 οὐσίαν
448 3329 692 3395 ἀναιρορᾷ
720 3328 825 3378 eis:
860 3329 916 3379 τὺ
952 3329 1104 3390 αὐτὸ,
1142 3328 1329 3397 ὥσπερ
1364 3333 1457 3383 καὶ
1486 3331 1650 3384 τάλλα

118 3422 177 3468 τὰ
192 3418 600 3485 ἀπολελυμένως
630 3421 695 3486 τῇ
715 3418 872 3486 οὐσίᾳ
901 3418 994 3469 τοῦ
1021 3418 1154 3471 Θεοῦ
1181 3421 1559 3490 ἀποδιδόμενα,
1587 3426 1650 3491 τῇ

117 3508 167 3560 δέ
182 3509 304 3576 πρὸς
328 3507 560 3576 ἀλλήλας
587 3508 853 3560 ἀντιθέσει
878 3510 1015 3560 εἰσιν
1038 3510 1386 3579 ἀντικείμενα
1422 3514 1559 3565 κατά
1586 3514 1655 3565 τά

120 3597 240 3663 πρός
268 3612 347 3647 τι·
374 3594 513 3647 ὥστε
541 3594 679 3647 κατά
700 3596 794 3662 μὲν
813 3594 872 3645 τὸ
887 3594 983 3663 τὴν
1010 3597 1314 3664 πατρότητα
1338 3599 1393 3648 ἐν
1409 3600 1471 3665 τῇ
1499 3598 1656 3667 οὐσία

118 3684 443 3753 θεωρεῖσθαι,
480 3681 603 3734 ἐπεὶ
622 3682 921 3749 τηνικαῦτα
950 3683 1136 3745 ἁπλῶς
1165 3685 1238 3745 ὡς
1269 3686 1423 3737 οὐσία
1448 3686 1655 3753 λαμσά-

119 3791 275 3835 νεται,
297 3776 329 3841 ὴ
358 3773 629 3840 πατρότης
658 3773 714 3822 ἐν
738 3772 812 3839 τῷ
844 3772 952 3841 Υίῷ
970 3775 1103 3833 ἐστι,
1132 3776 1223 3825 καὶ
1245 3776 1276 3844 ἡ
1297 3776 1475 3846 υίότης
1500 3779 1557 3828 ἐν
1579 3774 1655 3846 τῷ

122 3866 281 3933 ίίατρὶ
306 3864 445 3916 κατὰ
471 3862 540 3913 τὰ
574 3861 725 3914 κοινά
755 3876 896 3929 φημι
929 3864 1021 3914 καὶ
1050 3864 1447 3933 ἀπολελυμένα,
1468 3867 1655 3937 ὥσπερ

120 3957 175 4023 δὴ
193 3957 281 4009 καὶ
308 3956 406 4025 μία
433 3954 593 4021 σοφία
615 3954 710 4005 καὶ
732 3952 885 4004 οὐσία
916 3955 1009 4006 καὶ
1037 3954 1263 4021 δύναμις
1287 3960 1317 4026 ἡ
1353 3960 1487 4028 αὐτή
1510 3962 1656 4011 ἐστιν

120 4048 334 4115 ἀμςοίνο
368 4048 510 4100 κατά
532 4044 588 4097 δὲ
620 4045 678 4098 -ιδ
708 4042 780 4113 μὴ
837 4046 1149 4113 θεωρεῖσθαι
1185 4048 1320 4098 κατά
1347 4050 1434 4099 τὸν
1462 4051 1657 4117 τρόπον

120 4138 209 4201 τῆς
241 4138 442 4203 οὐσίας,
480 4138 575 4191 καὶ
607 4139 713 4190 τῶν
740 4142 797 4191 ἐν
835 4142 970 4208 αὐτῇ
1007 4137 1277 4199 οὐσιωδῶς
1313 4139 1617 4206 λεγομένων
1639 4181 1651 4199 ,

122 4230 233 4279 κατ’
249 4230 434 4285 οὐδένα
462 4233 712 4298 τρόπονὴ
740 4215 1021 4298 ’πατρότης
1049 4229 1197 4287 ἐστὶν
1229 4227 1433 4295 υίότης,
1465 4230 1656 4295 ἐφόσον

124 4320 251 4388 πρὸς
277 4321 508 4390 ἀλλήλας
532 4322 919 4388 ἀντικειμένως
947 4321 1190 4385 λέγονται
1224 4322 1360 4372 κατὰ
1389 4321 1478 4372 τὸν
1503 4320 1657 4388 λόγον

122 4410 207 4461 τοῦ
223 4413 349 4480 πρός
369 4428 425 4462 τι
444 4429 456 4441 ·
483 4410 603 4463 καθ’
631 4410 693 4462 ὃν
714 4412 911 4478 τρόπον
938 4412 1031 4464 καὶ
1058 4411 1093 4479 ἡ
1119 4410 1346 4479 γεννητὴ
1379 4412 1534 4478 σοφία
1556 4413 1654 4464 οὐκ

124 4501 260 4551 ἐστιν
291 4502 322 4570 η
350 4500 665 4570 γεννητικὴ,
695 4502 869 4553 καίτοι
905 4500 1028 4567 μιᾶς
1066 4499 1231 4566 οὔσης
1271 4502 1490 4567 ἀμφοῖν,
1524 4502 1657 4568 μᾶλ-
1689 4480 1730 4534 θ

123 4592 207 4645 λον
235 4595 285 4646 δέ
315 4594 409 4662 μία
440 4593 623 4662 ἄμφω.
658 4591 729 4645 Οὐ
759 4592 935 4643 τοίνυν
966 4592 1045 4642 ὅτι
1088 4589 1184 4657 μία
1217 4590 1372 4643 οὐσία
1402 4593 1517 4644 ἐστὶ
1551 4594 1658 4653 τοίς

125 4684 309 4751 τρισὶν,
336 4685 436 4753 ἤδη
467 4685 562 4737 καὶ
592 4685 626 4754 ἡ
656 4681 899 4752 ἀναφορά
930 4680 1021 4734 τοῦ
1054 4681 1343 4751 προσώπου
1377 4683 1527 4749 κοινὴ
1551 4686 1660 4745 τοῖς

123 4762 263 4841 τρισὶ
285 4774 371 4827 διὰ
403 4775 500 4843 τὴν
520 4773 790 4825 ἀντίθεσιν
813 4773 947 4837 πρὸς
973 4771 1199 4840 ἀλλήλας
1224 4773 1331 4824 τῶν
1356 4774 1659 4841 ἀναφορῶνε

133 4864 192 4913 'll
224 4865 352 4932 αὑτὴ
406 4864 517 4933 γὰρ
547 4864 810 4930 ἀναφορὰ,
833 4862 909 4921 ὼς
939 4862 1172 4929 εἴρηται,
1216 4862 1351 4913 κατά
1377 4863 1465 4914 τὸν
1510 4863 1662 4928 λόγον

124 4955 212 5009 τοῦ
241 4958 435 5010 οἰκείου
458 4958 643 5021 γένους
664 4957 852 5021 ἐφόσον
884 4957 1029 5007 ἐστιν
1051 4956 1312 5023 ἀναφορὰ,
1350 4958 1447 5007 οὐκ
1473 4956 1581 5023 ἔχει
1605 4960 1664 5009 τὸ

125 5043 258 5100 εἶναι
287 5050 342 5100 ἐν
374 5048 538 5115 ἄλλῳ,
570 5047 707 5100 ἀλλά
734 5047 931 5114 μᾶλλον
961 5047 1017 5098 τὸ
1042 5044 1180 5098 εἶναι
1224 5047 1352 5114 πρὸς
1393 5048 1539 5100 ἄλλο.
1578 5048 1663 5108 Ὠς

125 5140 226 5203 γὰρ
259 5138 508 5205 ἐλέγομεν
534 5140 595 5189 ὲκ
631 5138 735 5189 τῶν
764 5137 857 5187 τοῦ
887 5138 1039 5203 ἁγίου
1076 5136 1321 5204 Μαξίμου
1355 5137 1661 5203 παριστῶν-

126 5241 231 5285 τες,
260 5227 305 5277 εί
333 5228 427 5280 καὶ
449 5228 506 5279 τὸ
532 5228 658 5279 αὐτό
678 5230 791 5279 ἐστι
822 5229 1101 5295 πρᾶγμαή
1129 5228 1316 5293 θεότης
1350 5227 1439 5277 καὶ
1468 5227 1498 5293 ἡ
1526 5227 1656 5276 ὑπό-

130 5332 326 5379 στασις,
368 5319 465 5369 οὐκ
499 5320 547 5369 εί
574 5320 607 5387 ὴ
642 5319 828 5384 θεότης
876 5320 905 5387 ἠ
940 5317 1094 5382 αὐτὴ,
1120 5318 1212 5367 καὶ
1237 5318 1269 5383 ἡ
1298 5316 1595 5375 ὑπόστασις
1633 5316 1663 5382 ἠ

129 5407 279 5473 αὐτή.
320 5408 380 5460 Ἠ
422 5408 530 5475 γὰρ
568 5408 861 5468 ὐπόδτασις
906 5407 996 5459 τοῦ
1033 5407 1239 5473 Πατρός
1274 5410 1417 5456 ἐστιν
1462 5405 1600 5471 αὐτὴ
1633 5406 1664 5470 ὴ

131 5490 331 5560 θεὸτης,
355 5496 449 5545 καὶ
467 5497 501 5562 η
530 5495 682 5547 οὐσία
706 5496 796 5547 τοῦ
820 5496 969 5559 Υίοῦ,
988 5495 1058 5554 ὡς
1080 5494 1365 5551 δέδεικται,
1391 5492 1521 5543 καθὸ
1541 5492 1669 5542 θεω-

134 5582 296 5646 ρεῖται
316 5585 372 5635 ἐν
394 5584 469 5653 τῷ
491 5585 681 5652 Πατρὶ,
702 5586 794 5636 καὶ
814 5588 879 5637 οὐ
900 5584 1031 5637 καθὸ
1057 5584 1336 5651 θεωρεῖται
1366 5584 1496 5649 πρὸς
1520 5582 1663 5632 ἄλλο.

143 5669 408 5724 Ἐπεὶοιαὶ
506 5677 597 5725 τοῦ
625 5674 749 5726 Υίοῦ
773 5676 1061 5734 ὑπόστασις
1107 5673 1294 5740 Oed-1;;
1327 5672 1418 5721 τιλῦ
1450 5672 1667 5735 ’Πατρός

136 5762 248 5812 ἐστι
283 5764 417 5816 κατά
457 5763 544 5815 τὸν
584 5765 743 5817 αὐτὴν
787 5765 957 5829 λόγον,
1003 5766 1061 5815 οὐ
1114 5766 1217 5833 μὴν
1253 5765 1282 5829 ἡ
1322 5761 1411 5812 τοῦ
1462 5760 1667 5827 Πατρὶς

1753 3239 2036 3306 sapientia,
2063 3255 2181 3306 qua:
2211 3249 2292 3291 est
2321 3239 2508 3304 Filius,
2529 3239 2784 3291 nimirum
2812 3241 3108 3293 secundum
3141 3256 3301 3308 geneo

1756 3340 1893 3387 rare,
1928 3335 1985 3379 et
2044 3327 2290 3392 generari
2330 3335 2546 3393 propter
2577 3325 2903 3399 relationem
2926 3326 2989 3379 ad
3023 3327 3253 3382 invicem
3284 3347 3298 3381 :

1755 3409 1827 3471 ita
1859 3432 1987 3471 sane
2013 3426 2067 3470 et
2114 3418 2433 3485 paternitas,
2480 3426 2641 3484 atque
2679 3418 2863 3470 ﬁliatio
2901 3419 3164 3472 relatione
3186 3420 3304 3487 qni-

1753 3508 1873 3562 dem
1906 3507 1969 3561 ad
2014 3506 2397 3569 substantiam,
2450 3508 2754 3560 substantia
2793 3516 2873 3561 est
2933 3519 3095 3576 atque
3136 3508 3299 3569 idem.

1752 3597 2093 3666 Oppositione
2150 3612 2278 3650 vero
2329 3598 2393 3651 ad
2445 3597 2681 3652 invicem
2725 3608 2851 3652 sunt
2902 3600 3205 3668 oppositae,
3247 3609 3304 3653 et

1756 3697 1946 3742 neutra
1993 3686 2079 3741 est
2157 3688 2346 3742 altera.
2399 3688 2666 3753 Quoniam
2733 3690 2878 3744 enim
2934 3691 2986 3743 in
3034 3691 3142 3743 Deo
3183 3706 3305 3759 per-

1754 3780 1892 3834 fecta
1938 3789 2025 3833 est
2077 3781 2394 3847 paternitas,
2436 3790 2491 3834 et
2546 3778 2755 3842 ﬁliatio.
2806 3795 2928 3835 cum
2970 3781 3215 3841 absolute
3248 3784 3301 3835 in

1754 3857 2053 3923 substantia
2114 3868 2561 3932 considerantur,
2616 3870 2878 3924 relatione
2950 3872 3171 3940 quidem
3234 3853 3300 3924 ad

1755 3960 2113 4015 substantiam
2144 3967 2271 4012 sunt
2329 3959 2493 4021 idem,
2521 3960 2660 4014 sicut
2689 3970 2745 4014 et
2779 3970 2971 4015 caetera
3002 3978 3122 4029 qua:
3151 3963 3304 4016 abso-

1755 4053 1866 4106 lute
1896 4051 2209 4105 substantia:
2239 4050 2333 4105 Dei
2380 4052 2775 4115 attribuuntur,
2807 4054 3151 4121 oppositione
3177 4069 3303 4107 vero

1755 4144 1822 4197 ad
1853 4144 2085 4197 invicem
2119 4151 2247 4197 sunt
2293 4144 2577 4211 oppositae,
2627 4144 2927 4197 secundum
2974 4160 3037 4198 ea
3084 4161 3205 4213 qua
3236 4148 3300 4199 ad

1755 4229 1962 4297 aliquid
2005 4229 2283 4284 dicuntur.
2318 4228 2467 4284 Adeo
2528 4241 2587 4285 ut
2620 4233 2926 4285 secundum
2973 4235 3127 4297 illud,
3159 4236 3300 4301 quod

1754 4320 2049 4390 paternitas
2123 4321 2178 4374 in
2230 4319 2529 4375 substantia
2583 4321 2990 4387 consideratur,
3047 4327 3300 4392 quoniam

1759 4421 1887 4465 tunc
1914 4411 2233 4478 simpliciter
2282 4421 2342 4465 ut
2380 4411 2679 4465 substantia
2726 4416 2977 4476 sumitur,
3008 4417 3301 4482 paternitas

1759 4511 1841 4556 est
1883 4501 1937 4555 in
1985 4501 2143 4565 Filio,
2172 4511 2226 4555 et
2280 4501 2466 4555 (iliatio
2506 4502 2559 4555 in
2618 4503 2794 4568 Patre,
2847 4508 3167 4568 secundum,
3221 4508 3308 4560 in—

1759 4608 1941 4660 quam,
1983 4593 2294 4647 communia
2337 4602 2393 4647 et
2431 4594 2700 4648 absoluta.
2734 4598 2885 4650 Sicut
2921 4599 3084 4650 etiam
3112 4609 3168 4651 et
3199 4615 3302 4652 una

1760 4683 2047 4752 sapientia,
2076 4694 2132 4737 et
2173 4684 2499 4747 substantia,
2532 4694 2693 4751 atque
2734 4685 2971 4751 potentia
2998 4688 3185 4742 eadem
3221 4701 3304 4744 est

1761 4772 1816 4826 in
1866 4773 2155 4829 ambobus.
2178 4771 2310 4827 Cum
2346 4788 2476 4826 vero
2506 4774 2921 4829 considerantur
2971 4793 3078 4831 non
3110 4795 3305 4834 secun-

1766 4863 1894 4917 dum
1952 4865 2171 4918 modum
2226 4864 2563 4929 substantiae,
2618 4874 2673 4917 et
2724 4880 2910 4919 eorum
2960 4883 3079 4935 quae
3108 4871 3161 4922 in
3192 4871 3305 4938 ipsa

1762 4955 2187 5007 substantialiter
2227 4954 2517 5014 dicuntur,
2569 4955 2718 5007 nullo
2778 4957 2939 5009 modo
3001 4962 3306 5026 paternitas

1762 5054 1843 5098 est
1875 5045 2081 5108 ﬁliatio,
2120 5053 2386 5111 quatenus
2429 5044 2493 5095 ad
2528 5044 2756 5098 invicem
2785 5048 3026 5115 opposite
3052 5051 3309 5103 dicuntur

1764 5134 2058 5186 secundum
2093 5134 2353 5205 rationem
2409 5132 2541 5200 eius,
2574 5133 2715 5201 quod
2766 5144 2848 5187 est
2880 5137 2944 5187 ad
2976 5138 3212 5201 aliquid;
3245 5140 3307 5191 ad

1764 5239 1922 5292 quem
1949 5223 2163 5276 modum
2197 5223 2358 5277 etiam
2388 5230 2639 5291 generata
2678 5225 2939 5291 sapientia
2971 5242 3075 5277 non
3110 5238 3191 5279 est
3214 5243 3306 5294 ge-

1767 5316 2029 5377 nerativa,
2064 5315 2312 5381 quamvis
2353 5330 2454 5366 una
2484 5316 2550 5367 sit
2577 5317 2861 5368 amborum
2890 5317 3173 5378 sapientia,
3206 5321 3310 5370 into

1770 5419 1896 5455 vero
1932 5419 2036 5456 una
2072 5406 2179 5457 sint
2224 5407 2397 5459 ambo.
2440 5407 2553 5460 Non
2601 5408 2762 5477 igitur
2785 5408 2906 5473 quia
2944 5422 3045 5460 una
3074 5419 3155 5461 est
3184 5410 3311 5461 sub-

1769 5494 1963 5546 stantia
2017 5495 2206 5553 tribus.
2260 5496 2515 5547 rontinuo
2549 5506 2602 5548 et
2655 5496 2842 5548 relatio
2888 5512 3127 5563 persona:
3160 5512 3309 5549 (om-

1771 5586 1949 5634 munis
1980 5592 2059 5635 est
2094 5585 2261 5635 trilars
2309 5595 2524 5650 propter
2556 5586 2947 5651 Oppositionem
2984 5587 3047 5636 ad
3081 5586 3307 5637 ἰωγῇ-σιω

1777 5670 2143 5741 ι·ρ1;ιιίγοτιιηιζ
2192 5670 2386 5722 Eadem
2436 5672 2581 5721 enim
2638 5674 2844 5731 relatio,
2884 5682 2939 5721 ut
2971 5673 3305 5731 dictuincst,

1776 5758 2068 5812 secundum
2121 5762 2377 5813 rationein
2429 5762 2627 5825 proprii
2672 5762 3189 5827 genuis,quat’cnus
3225 5778 3306 5813 rc-
