4126 6322
718 330 822 413 ssi

1974 373 2343 439 DEME'l‘lill
2385 383 2689 446 CYDONll

3819 408 3920 471 8-38

713 466 875 536 atque
903 468 1318 528 iudetcnniuata
1353 468 1648 535 multitudo
1681 493 1784 549 est,
1838 496 1894 540 et
1937 489 2011 543 ibi
2045 482 2236 558 quidet}

2335 528 2342 551 ι
2371 495 2431 558 ἐξ
2454 499 2657 551 ἀτελῶν
2676 502 2736 553 τὸ
2765 502 2917 555 Θεῖον
2938 522 2949 535 ·
2976 507 3040 558 τά
3069 507 3125 559 δὲ
3158 509 3322 561 πολλά
3354 509 3516 564 ταῦτα
3546 511 3659 565 οὔθ’
3692 516 3923 571 ὑποστά-

718 560 845 619 tria,
872 558 1192 628 hypostases
1225 568 1572 635 accipiuntur
1624 575 1902 639 perfectze.
1966 588 2022 633 et
2070 581 2263 637 harant

713 661 1052 719 unaquaque
1080 668 1185 708 una
1207 666 1261 710 et
1285 660 1474 713 eadem
1504 674 1588 716 est
1616 664 1798 719 divina
1837 668 2143 725 substantia
2170 688 2265 727 su—

713 732 811 799 pra
836 752 1049 792 omnem
1084 751 1301 810 captum
1342 756 1570 805 natura.
1610 751 1878 817 Quaelibet
1921 758 2064 811 enim
2117 766 2264 815 totus

714 822 857 878 Deus
885 837 1046 895 atque
1076 833 1351 898 perfectus
1378 848 1483 893 est.
1512 839 1628 894 Non
1646 843 1792 915 enim
1821 860 1886 899 ex
1921 845 2262 916 imperfectis

707 924 791 966 est
820 930 1020 995 numen
1043 918 1310 980 divinum.
1343 928 1464 985 Ιίιεο
1495 943 1679 987 autem
1714 938 1904 1002 multa,
1956 955 2136 1009 neque
2162 940 2260 1009 hy-

706 1013 951 1071 postases
976 1024 1095 1064 esse
1121 1027 1424 1081 ponuntur,
1471 1038 1647 1091 neque
1673 1026 2003 1089 substantia,
2031 1040 2088 1084 et
2119 1031 2254 1085 nihil

705 1095 900 1150 borum
932 1115 1052 1155 esse
1078 1105 1223 1171 quod
1250 1119 1333 1161 est
1359 1110 1613 1177 allcrum,
1652 1124 1704 1169 et
1736 1117 1849 1172 haec
1884 1120 2108 1188 quidem
2138 1122 2255 1190 plu-

706 1188 840 1241 rima
872 1204 970 1257 per
991 1208 1050 1247 se
1085 1194 1199 1262 ipsa
1238 1214 1343 1253 non
1372 1202 1699 1270 subsistere,
1728 1209 1907 1269 aiunt,
1963 1220 2076 1266 tres
2123 1228 2252 1269 vero

701 1275 1019 1343 hypustases
1046 1284 1207 1337 alicui
1241 1305 1346 1341 non
1384 1292 1728 1349 inexsistere.
1762 1295 1915 1359 Quod
1944 1300 1989 1353 si
2029 1316 2253 1371 pr0p0r-

703 1369 903 1422 tionem
926 1386 1046 1423 esse
1074 1376 1265 1429 volunt
1295 1379 1437 1433 inter
1465 1392 1575 1439 tres
1608 1401 1874 1452 personas
1894 1429 1909 1454 ,
1976 1391 2093 1447 sive
2136 1403 2248 1448 tres

702 1458 1018 1514 relationes.
1072 1462 1141 1516 Et
1170 1466 1269 1521 ista
1295 1470 1481 1529 multa.
1516 1490 1577 1528 ac
1608 1477 1844 1543 diversa,
1875 1483 2246 1537 necessarium

697 1549 810 1600 erit
839 1551 1000 1604 velet
1043 1555 1153 1608 Itan:
1206 1555 1359 1611 fateri
1412 1563 1681 1627 perfectas
1729 1582 1851 1623 esse
1905 1572 2245 1640 hypostases,

694 1641 782 1695 vel
844 1642 1053 1699 divinas
1086 1650 1473 1707 subsistentias
1532 1656 1955 1717 insubsistentes
2003 1667 2241 1733 opinari.

692 1728 762 1783 Et
789 1734 934 1799 quod
968 1750 1113 1791 unus
1153 1740 1225 1793 sit
1255 1741 1398 1798 Deus
1444 1754 1500 1798 ct
1558 1746 1783 1813 Trinus,
1823 1728 2091 1809 habemus
2139 1772 2239 1825 per

694 1824 1108 1891 revelationcm,
1152 1846 1278 1884 cum
1319 1834 1688 1892 demonstrari
1722 1855 1830 1895 non
1864 1846 2063 1911 possit,
2092 1849 2239 1916 quod

688 1917 868 1962 autem
898 1913 1012 1980 ipse
1038 1917 1181 1971 Deus
1233 1920 1464 1991 simplex
1498 1927 1588 1991 sit,
1618 1937 1781 1996 atque
1806 1934 1986 1989 omnis
2018 1950 2241 2007 compo-

690 1998 907 2056 sitionis
928 2005 1153 2061 minime
1186 2025 1373 2080 capax,
1410 2016 1574 2069 etiam
1598 2018 1851 2076 homines
1884 2024 2034 2078 ducti
2082 2037 2241 2081 natu-

692 2087 791 2140 rali
813 2089 1015 2147 lumine
1046 2099 1293 2163 rationis,
1322 2101 1694 2163 demonstrare
1718 2111 2022 2166 valuerunt.
2040 2114 2240 2180 Quem-

686 2178 976 2235 admodum
994 2189 1135 2253 quod
1154 2205 1298 2246 unus
1319 2195 1388 2247 sit
1411 2195 1571 2261 Deus,
1591 2207 1647 2252 et
1666 2201 1840 2256 bonus
1858 2211 2019 2272 atque
2039 2178 2236 2272 justus.

685 2266 894 2336 Quippe
919 2286 984 2324 ex
1015 2279 1385 2345 magnitudine
1414 2298 1476 2339 ac
1511 2287 1918 2353 pulchritudine
1931 2266 2235 2349 creatura-

687 2368 808 2407 rum
840 2362 1189 2428 proportione
1246 2369 1423 2437 Opifex
1474 2373 1834 2444 dignoscitur.
1894 2382 2011 2435 Non
2068 2384 2235 2453 igitur

686 2460 827 2512 opus
848 2459 1046 2505 eratex
1072 2454 1321 2513 obscuris
1349 2463 1577 2519 clariora
1607 2468 1745 2523 velle
1773 2471 2027 2541 probare,
2057 2491 2235 2545 neque

688 2551 755 2589 ex
780 2538 864 2592 bis
886 2556 1004 2609 quae
1030 2559 1291 2614 superant
1322 2538 1867 2625 demonstrationem,
1897 2580 1959 2619 ea
1984 2581 2106 2634 quae
2131 2569 2233 2623 sub

687 2623 858 2691 ipsam
887 2629 1081 2686 cadere
1110 2648 1356 2704 possunt,
1390 2641 1787 2712 demonstrare,
1820 2623 1943 2705 cum
1993 2623 2083 2708 illa
2112 2656 2235 2709 fun-

686 2715 835 2769 ditus
855 2724 1167 2787 evertenda,
1201 2736 1316 2781 tum
1344 2745 1442 2798 per
1466 2733 1568 2787 hoc
1598 2736 1701 2789 sibi
1738 2738 1871 2808 ipsis
1898 2744 2110 2811 aliquid
2139 2746 2234 2800 ab-

683 2807 907 2862 surdius
934 2813 1333 2884 concludendo,
1370 2822 1630 2877 nimirum
1664 2827 1833 2882 Deum
1891 2846 1958 2884 ex
1998 2832 2233 2890 diversis

683 2896 847 2948 rebus
869 2909 1141 2957 constare.
1166 2903 1323 2971 Quod
1353 2910 1499 2962 enim
1528 2926 1591 2965 ea
1614 2929 1735 2981 qua:
1761 2926 1886 2970 sunt
1914 2934 1973 2972 re
1993 2920 2229 2988 diversa,

681 2984 738 3037 in
763 3001 927 3041 unum
951 2998 1365 3063 concurrentia,
1386 3003 1839 3070 compositionem
1871 3023 1978 3063 non
2005 3009 2227 3077 faciant,

677 3075 802 3143 quis

676 3165 1002 3223 clarioribus
1027 3187 1149 3238 qua:
1183 3190 1291 3229 non
1322 3179 1444 3232 talia
1472 3193 1601 3235 sunt
1628 3165 1980 3255 concludere,
2035 3192 2079 3246 si
2100 3192 2225 3270 ﬁeri

676 3262 881 3322 potest,
912 3260 1218 3327 oportebat.
1280 3268 1681 3328 utuniversalis
1716 3278 1957 3343 postulat
2019 3263 2227 3351 regula.

598 3388 601 3391 .
676 3345 980 3403 Praesertim
1010 3368 1133 3406 cum
1168 3371 1348 3413 sermo
1376 3361 1448 3415 sit
1473 3368 1541 3418 de
1578 3365 1645 3419 iis
1675 3382 1797 3435 qua:
1846 3386 1945 3439 per
1977 3388 2037 3428 se
2065 3384 2226 3444 atque

674 3437 919 3492 absolute
949 3440 1057 3494 Deo
1081 3442 1273 3499 adesse
1298 3449 1572 3516 dicuntur,
1619 3454 1698 3509 illi
1727 3455 1792 3510 ex
1845 3437 2229 3527 personalibus

674 3532 733 3576 et
762 3530 1182 3595 proprietatibus
1211 3537 1581 3606 objectionem
1612 3534 1939 3617 aﬂ‘erebaut,
1983 3568 2103 3620 quae
2129 3570 2224 3621 ge-

680 3630 831 3667 neris
879 3616 947 3670 ad
1014 3620 1224 3688 aliquid
1257 3636 1407 3679 sunt.
1468 3627 1697 3709 Oportet
1727 3650 1885 3702 vero,
1942 3616 2223 3710 inquiunt,

676 3706 771 3773 qui
799 3707 940 3761 circa
973 3710 1468 3773 demonstrationes
1500 3706 1659 3789 periti
1700 3738 1852 3788 sunt.
1909 3706 2222 3797 instantiam

673 3810 795 3849 esse
841 3810 905 3849 ex
951 3800 1139 3854 eodem
1188 3820 1425 3873 genere,
1487 3812 1645 3880 cujus
1722 3820 2055 3875 contrarium
2119 3826 2223 3893 ipsi

671 3878 932 3938 iacientes
981 3889 1253 3945 errabant.
1336 3878 1567 3955 Verumr
1604 3914 1744 3968 opus
1798 3913 1916 3959 erat
1984 3878 2225 3968 rationes

670 3972 891 4040 quidem
916 3974 985 4028 de
1011 3976 1359 4046 simplicitate
1396 3987 1651 4042 universo
1674 4000 1840 4061 atque
1869 4011 2027 4052 veras
2058 4003 2220 4067 tueri,

672 4061 817 4128 quod
839 4072 1018 4116 autem
1048 4064 1101 4117 in
1132 4082 1242 4122 uno
1296 4078 1505 4124 tantum
1547 4075 1818 4134 dissidere
1851 4082 2091 4151 videtur,
2137 4061 2220 4144 vel

668 4153 854 4205 conari
879 4164 935 4205 ct
965 4155 1098 4209 illud
1123 4172 1439 4215 consonans
1478 4164 1778 4224 universali
1834 4174 2032 4229 rationi
2096 4181 2221 4234 red-

670 4238 825 4303 dere,
859 4243 942 4295 vel
975 4260 1081 4297 non
1110 4257 1333 4316 propter
1360 4251 1493 4305 illud
1528 4254 1861 4325 obscurum,
1895 4268 2061 4319 etiam
2097 4285 2220 4337 quae

668 4337 797 4380 sunt
819 4332 1068 4388 omnibus
1099 4335 1540 4408 claraevertere,
1600 4344 1938 4406 destruendo
2000 4355 2068 4411 de
2105 4358 2216 4413 Deo

672 4420 953 4485 praeclaras
976 4426 1285 4491 opiniones,
1333 4440 1390 4485 ut
1456 4449 1686 4505 magnus
1717 4442 1794 4495 ait
1866 4445 2124 4505 Basilius.
2188 4451 2299 4521 ltaq

2308 4470 2373 4509 ue
2407 4472 2629 4523 prorsus
2696 4461 3069 4520 irrationabile

2371 601 2479 647 σεις
2512 584 2650 641 εἶναι
2672 592 2926 657 τίθενται,
2959 595 3074 649 οὔθ’
3105 598 3240 661 ὅλως
3265 600 3473 665 οὐσίαν,
3506 604 3595 655 καὶ
3627 605 3782 658 οὐδὲν
3815 610 3916 661 αὑ-

2365 676 2473 728 τῶν
2509 677 2646 748 ὅπερ
2676 681 2735 732 τὺ
2765 682 2948 752 ἕτερον
2977 682 3139 741 εἶναι.
3181 689 3289 741 Καὶ
3316 690 3384 742 τά
3416 691 3516 759 μὲν
3545 693 3712 747 πολλά
3747 698 3917 751 ταῦτα

2363 767 2457 836 οὑχ
2492 770 2813 835 ὑφίστασθαι
2848 774 2968 827 καθ’
3000 777 3141 831 αὑτά
3168 796 3362 846 φασιν·
3402 783 3459 834 αἱ
3492 783 3546 835 δὲ
3592 786 3739 853 τρεῖς
3787 788 3916 841 ὑπο-

2365 858 2581 921 στάσεις
2608 860 2708 913 οὐκ
2727 861 3090 933 ἐνυπάρχουσι
3113 868 3237 922 τινί.
3270 870 3330 922 Εἰ
3354 869 3399 923 δ“
3420 871 3681 941 ἀνάλογον
3704 875 3915 943 βούλον-

2360 962 2451 997 ται
2482 947 2626 1018 ἔχειν
2667 951 2736 1003 τὰ
2774 953 2897 1020 τρία
2940 958 3220 1023 πρόσωπα,
3263 960 3420 1030 ἦτάς
3455 966 3604 1032 τρεῖς
3637 968 3906 1038 ἀναφορὰς

2357 1038 2565 1103 τούτοις
2595 1044 2704 1105 τοῖς
2738 1043 2951 1108 πολλοῖς
2983 1049 3075 1100 καὶ
3103 1049 3398 1120 διαφόροις,
3429 1054 3726 1122 ἀναγκαῖον
3759 1059 3790 1127 ἥ
3820 1062 3909 1111 καὶ

2355 1128 2523 1182 ταῦτα
2545 1132 2823 1201 ὁμολογεῖν
2839 1135 3047 1199 τελείας
3071 1138 3207 1193 εἶναι
3229 1143 3570 1209 ὑποστάσεις,
3592 1148 3625 1217 ἦ
3648 1149 3745 1209 τάς
3760 1150 3907 1213 θείας

2355 1215 2673 1280 ὑποστάσεις
2698 1224 3099 1289 ἀνυποστάτους
3133 1229 3358 1284 οἴεσθαι.
3398 1233 3506 1285 Καὶ
3532 1236 3593 1286 τὸ
3622 1238 3724 1304 μὲν
3766 1233 3901 1291 εἶναι

2351 1310 2443 1358 τὸν
2467 1309 2600 1361 θεὸν
2628 1309 2687 1364 ἓν
2711 1316 2803 1365 καὶ
2834 1316 2961 1384 τρία
2990 1320 3128 1369 κατά
3151 1320 3492 1391 ἀποκάλυψιν
3519 1322 3741 1393 ἔχομεν,
3773 1327 3905 1398 ὑπὲρ

2350 1398 2622 1465 ἀπόδειξιν
2659 1400 2739 1461 ὃν,
2771 1404 2829 1456 τὸ
2861 1405 2917 1458 δὲ
2952 1408 3044 1459 τὸν
3076 1408 3209 1461 Θεὸν
3241 1411 3401 1463 αὑτὸν
3434 1414 3637 1468 ἁπλοῦν
3669 1432 3728 1468 τε
3767 1414 3904 1470 εἶναι

2349 1486 2441 1541 καὶ
2473 1489 2770 1553 συνθέσεως
2796 1494 2970 1562 πάσης
2994 1496 3341 1551 ἀνεπίδεκτον
3364 1503 3455 1552 καὶ
3474 1500 3569 1553 ἄνθ
3580 1519 3753 1571 ρωποι
3783 1506 3905 1571 ἀγό⁴

2348 1579 2595 1649 μενοιτῷ
2619 1582 2832 1651 φυσικῷ
2864 1584 2958 1636 τοῦ
2980 1584 3137 1653 λόγου
3162 1592 3299 1655 φωτὶ
3325 1591 3669 1661 ἠδυνήθησαν
3694 1595 3906 1647 ἀποδεῖ-

2345 1668 2467 1734 ξαι⁶
2516 1668 2703 1739 ὥσπερ
2743 1676 2835 1725 καὶ
2866 1674 2947 1727 ὃτι
2998 1670 3079 1737 εἷς
3114 1681 3227 1731 ἐστι
3256 1680 3387 1744 Θεὸς
3432 1686 3525 1736 καὶ.
3572 1685 3777 1751 ἀγαθὸς
3814 1688 3907 1738 καὶ

2343 1760 2578 1823 δίκαιος·
2609 1763 2674 1814 ἐκ
2724 1764 2830 1832 γὰρ
2869 1766 3131 1833 μεγέθους
3172 1772 3265 1821 καὶ
3291 1773 3551 1842 καλλονῆς
3585 1776 3904 1843 κτισμάτων

2342 1845 2618 1914 ἀναλόγως
2644 1851 2672 1901 ό
2696 1854 3081 1922 γενεσιουργδς
3106 1855 3421 1927 καθορᾶται.
3449 1863 3563 1915 Οὑκ
3589 1863 3697 1916 ἔδει
3724 1865 3906 1917 τοίνυν

2342 1936 2408 1989 ἐκ
2436 1936 2546 1988 τῶν
2580 1939 2970 2010 ἀσαφεστέρων
3000 1944 3066 1997 τά
3106 1948 3413 2020 σαφέστερα
3441 1951 3728 2023 βούλεσθαι
3758 1973 3899 2024 παρ-

2344 2028 2513 2097 ιστᾷν,
2545 2028 2653 2082 οὐδ¹
2675 2034 2739 2084 ἐκ
2757 2032 2867 2084 τῶν
2893 2034 3030 2105 ὑπὲρ
3046 2036 3314 2102 ἀπόδειξιν
3337 2043 3403 2091 τα
3424 2039 3515 2092 ὑπ’
3534 2043 3702 2110 αὑτὴν
3738 2041 3899 2099 δυνάο

2342 2132 2478 2184 μενα
2501 2118 2716 2172 πίπτειν
2752 2122 3128 2178 ἀποδεικνύναι
3147 2142 3161 2156 ⁸
3180 2128 3364 2180 ἐκεῖνά
3401 2146 3455 2181 τε
3478 2132 3900 2200 ἀνατρέποντας,

2338 2211 2433 2261 καὶ
2451 2209 2541 2262 διά
2558 2210 2749 2265 τούτου
2772 2214 2985 2277 ἑαυτοῖς
3005 2215 3347 2286 ἀτοπώτερον
3367 2220 3492 2271 ἄλλο
3515 2236 3691 2290 συμπε
3701 2223 3902 2290 ραίνον.

2337 2315 2453 2361 τας,
2500 2301 2589 2351 τὸν
2627 2300 2755 2354 Θεὸν
2782 2304 2845 2354 ὲκ
2883 2294 3242 2373 διαφερόντων
3276 2308 3616 2364 συνίστασθαι
3638 2315 3898 2382 πραγμά-

2336 2405 2464 2442 των.
2496 2388 2569 2441 Τὸ
2604 2389 2712 2459 γὰρ
2746 2392 2812 2444 τά
2853 2395 2932 2455 εἰς
2972 2392 3029 2446 ἓν
3064 2391 3304 2449 συνιόντα
3347 2401 3623 2470 πράγματι
3672 2403 3898 2474 διάφορα

2339 2479 2586 2533 σύνθεσιν
2640 2482 2715 2550 μὴ
2764 2485 2934 2535 ποιεῖν
2986 2486 3069 2547 τίς
3100 2487 3348 2541 τοσοῦτον
3399 2492 3714 2555 ἀναίσθητος
3761 2494 3897 2546 ὥστε

2333 2570 2696 2640 ἀπαρνεῖσθαι
2717 2588 2733 2637 ;
2752 2572 3069 2627 Τοὺναντίον
3094 2576 3148 2629 δὲ
3180 2579 3376 2646 μᾶλλον
3398 2582 3460 2633 ὲκ
3490 2582 3597 2635 τῶν
3629 2587 3896 2651 σαφεστέ-

2338 2676 2445 2727 ρων
2489 2660 2558 2712 τὰ
2600 2660 2675 2729 μὴ
2704 2663 2923 2714 τοιαῦτα
2971 2664 3245 2732 συνάγειν,
3273 2669 3430 2736 εἴπερ
3454 2665 3565 2722 οἷόν
3597 2689 3655 2723 τε
3706 2675 3893 2743 ἐχρῆν,

2334 2747 2409 2811 ὡς
2435 2750 2462 2801 ὁ
2489 2748 2713 2801 καθόλου
2744 2751 3073 2815 παραδίδωσι
3105 2754 3259 2821 λόγος
3279 2771 3294 2786 ⁸
3327 2759 3542 2825 μάλισθ’
3563 2763 3643 2813 ὅτι
3673 2764 3769 2815 καὶ
3799 2766 3890 2816 τοῦ

2331 2840 2488 2908 λόγου
2522 2839 2647 2909 περὶ
2672 2840 2779 2893 τῶν
2810 2842 2931 2895 καθ’
2962 2845 3099 2897 αὑτά
3125 2847 3217 2898 καὶ
3246 2849 3657 2918 ἀπολελυμένως
3682 2855 3761 2923 τῷ
3777 2854 3893 2921 Θεῷ

2333 2933 2615 2998 προσεῖναι
2642 2932 2949 3001 λεγομένων
2969 2934 3140 2999 ὄντος,
3175 2940 3377 2992 ἐκεῖνοι
3411 2942 3506 3011 τὴν
3538 2944 3789 2997 ἔνστασιν
3826 2949 3888 2998 ἐκ

2332 3022 2440 3073 τῶν
2473 3022 2838 3090 προτωπικῶν
2871 3024 2967 3076 καὶ
2993 3025 3100 3077 τῶν
3134 3027 3408 3096 ίδιοτήτων
3437 3031 3661 3098 ἐπῆγον,
3703 3034 3761 3085 αῖ
3800 3036 3890 3087 τοῦ

851 3077 987 3132 adeo
1033 3085 1288 3151 stupidus
1330 3099 1389 3141 ut
1439 3089 1635 3160 neget?
1694 3093 1919 3161 Contra,
1952 3102 2139 3169 potius
2163 3119 2229 3157 ex

2335 3111 2468 3179 πρός
2500 3077 2553 3162 τι
2586 3112 2773 3176 γένους
2804 3113 2934 3166 εἰσί.
2971 3116 3061 3167 Δεῖ
3091 3077 3369 3185 saeuo»
3397 3120 3447 3171 οί
3479 3077 3605 3189 περὶ
3632 3077 3731 3184 τὰς
3762 3126 3892 3177 ἀπο-

2331 3200 2518 3264 δείξεις
2547 3201 2802 3270 τεχνῖται,
2846 3200 2944 3271 τὴν
2978 3200 3226 3257 ἔνστασιν
3268 3206 3331 3259 ἐκ
3362 3206 3453 3260 τοῦ
3503 3209 3664 3261 αὑτοῦ
3702 3212 3890 3276 γένους
3954 3256 3964 3269 ,

2329 3286 2490 3356 εἶναι,
2512 3284 2571 3342 οὗ
2582 3291 2887 3345 τούναντίον
2902 3291 3053 3346 αὐτοὶ
3076 3295 3353 3360 ποιοῦντες
3377 3298 3709 3370 ἡμάρτανον.
3729 3302 3889 3354 Ἀλλά

2328 3382 2451 3441 τοὺς
2502 3380 2599 3448 μὲν
2627 3381 2755 3450 περὶ
2802 3382 2898 3449 τῆς
2937 3384 3231 3453 ἁπλότητος
3273 3387 3503 3441 καθόλου
3547 3392 3640 3442 καὶ
3670 3392 3889 3460 ἀληθεῖς

2328 3468 2515 3536 λόγους
2543 3471 2851 3538 φυλάττειν,
2876 3472 2936 3524 τὸ
2964 3473 3009 3525 δ’
3031 3475 3115 3541 ἐφ’
3136 3476 3251 3539 ἐνὸς
3274 3478 3465 3531 δοκοῦν
3497 3482 3658 3547 μόνον
3685 3483 3886 3549 διασω-

2328 3562 2455 3623 νεῖν,
2478 3560 2510 3629 ἦ
2537 3561 2825 3629 πειρᾶσθαι
2844 3563 3063 3616 κάκεῖνο
3084 3564 3368 3634 σύμφωνον
3395 3567 3469 3637 τῷ
3489 3571 3715 3623 καθόλου
3742 3572 3882 3641 λόγῳ

2328 3652 2524 3715 ποιεῖν,
2560 3651 2593 3719 ἢ
2636 3650 2710 3721 μὴ
2738 3652 2804 3703 δι’
2834 3655 3011 3706 ἐκεῖνο
3044 3655 3104 3707 τὸ
3133 3657 3338 3725 ἀσαφὲς
3368 3661 3462 3712 καὶ
3495 3662 3561 3713 τὰ
3588 3663 3722 3715 πᾶσι
3751 3664 3882 3733 δῆλα

2326 3741 2674 3810 ἀνατρέπειν,
2718 3742 3075 3812 ἀναιροῦντας
3115 3747 3210 3808 τὰς
3254 3735 3564 3818 ἀξιολόγους
3611 3756 3739 3822 περὶ
3790 3755 3880 3808 τοῦ

2325 3828 2456 3879 Θεοῦ
2507 3829 2798 3899 ὑπολήψεις
2828 3831 2903 3895 ὡς
2947 3833 2976 3883 ό
3012 3835 3183 3903 μέγας
3219 3836 3324 3908 ἔφη
3382 3841 3688 3905 Βασίλειος’
3740 3846 3877 3899 ὥστε

2326 3918 2600 3980 παντελῶς
2630 3919 2844 3986 ἄλογον,
2874 3922 2930 3972 εἴ
2966 3939 3048 3985 τις
3078 3925 3265 3997 ὥσπερ
3305 3930 3402 3999 τῆς
3431 3933 3615 3992 οὑσίας
3658 3939 3749 3987 καὶ
3783 3941 3879 4008 τῆς

2325 4006 2670 4069 ὑποστάσεως
2702 4008 2797 4062 καὶ
2826 4012 2933 4063 τῶν
2968 4012 3247 4084 ίδιοτήτων
3277 4018 3403 4070 ἄλλο
3442 4022 3535 4073 καὶ
3562 4023 3689 4076 ἀλλο
3729 4006 3881 4093 λεγο-

2324 4097 2522 4163 μένων,
2552 4098 2616 4149 ὲκ
2646 4099 2847 4151 τούτων
2881 4102 2980 4153 οὐκ
3021 4103 3399 4175 ἐπακολουθῶν
3444 4112 3688 4165 σύνθεσιν
3715 4116 3773 4167 ἐν
3803 4116 3878 4185 τῷ

2321 4185 2438 4255 Θεῷ
2460 4187 2627 4253 λέγοι.
2652 4188 2793 4242 οὕτω
2822 4192 2910 4244 καὶ
2931 4193 3202 4265 διαφόρων
3228 4201 3567 4270 πραγμάτων
3590 4208 3729 4259 κατὰ
3754 4209 3879 4260 πολ·

2321 4275 2417 4337 λὰς
2467 4279 2561 4331 καὶ
2590 4279 2898 4341 ἀντιθέτους
2928 4283 3219 4352 διαιρέσεις
3255 4291 3342 4341 tu“
3371 4294 3537 4346 αὑτοῦ
3588 4297 3877 4366 εἰσαγομέ-

2321 4381 2423 4421 νων
2461 4366 2556 4435 οὐχ
2590 4362 2815 4422 ἕπεσθαι
2857 4371 3107 4426 σύνθεσιν
3136 4379 3485 4446 ἰσχυρίζοιτο.

3133 4478 3238 4528 est.
3292 4472 3337 4524 si
3382 4474 3505 4540 quis
3543 4490 3609 4529 ex
3634 4493 3700 4532 eo
3731 4479 3872 4549 quod

2286 4512 2299 4521 _
2407 4512 2420 4523 _
2593 4512 2600 4518 η
2722 4512 3068 4520 ,,,,-_-__~_--v
3134 4512 3238 4528 ν-ινς
3292 4512 3337 4524 υ-
3383 4512 3505 4540 1¹1ι11υ
3543 4512 3609 4529 ιι
3634 4512 3700 4532 VU
3731 4512 3871 4549 ιιυυυ

671 4512 974 4567 substantia
1001 4525 1056 4569 et
1081 4516 1407 4586 hypostasis,
1437 4527 1908 4602 proprietatesque
1940 4538 2088 4606 aliud
2144 4552 2199 4595 et
2235 4544 2379 4597 aliud
2442 4546 2713 4611 dicantur,
2749 4566 2853 4604 non
2928 4553 3050 4609 ideo
3081 4559 3236 4625 sequi
3305 4567 3760 4631 compositionem
3820 4570 3871 4622 iu

671 4601 777 4631 Ιὶοιι
805 4603 947 4631 Αἶρε...
976 4622 990 4631 ι
1022 4607 1091 4631 ε.-
1136 4610 1287 4631 -.2--4
1338 4614 1373 4631 κ’
1506 4618 1517 4629 ⁸
1618 4620 1651 4631 ’⁵

666 4601 778 4655 Deo
803 4603 992 4668 dicat;
1022 4607 1094 4660 ita
1131 4610 1293 4664 etiam
1328 4614 1375 4669 si
1426 4618 1551 4684 quis
1598 4620 1846 4679 diversas
1882 4642 1967 4680 res
2006 4633 2309 4687 secundum
2378 4637 2595 4701 multas,
2633 4650 2687 4692 et
2722 4642 3028 4710 .Oppositas

664 4691 937 4756 traducat,
963 4711 1067 4750 non
1098 4704 1251 4769 sequi
1286 4709 1739 4773 compositionem
1774 4719 2088 4773 contendat.

737 4784 1004 4841 Praeterea
1035 4806 1098 4842 ex
1123 4793 1283 4848 dictis
1313 4797 1489 4851 soluta
1519 4811 1668 4863 sunt,
1704 4820 1825 4872 quae
1855 4809 2010 4863 Nilus
2039 4811 2215 4867 Thes-
2252 4821 2294 4874 D

665 4874 1019 4931 salonicensis
1076 4882 1141 4933 ad
1206 4889 1577 4956 astruendam,
1638 4906 1692 4948 et
1754 4902 2211 4967 cortiprobandam

665 4964 807 5017 hanc
850 4967 1159 5033 opinionem
1210 4979 1595 5048 accumulavit,
1654 4986 1840 5050 veluti,
1880 5005 2046 5043 unum
2092 4996 2213 5061 qui-

666 5050 789 5102 dem
823 5062 1123 5110 estnumcu
1180 5063 1425 5117 divinum
1478 5072 1779 5127 secundum
1816 5087 2091 5142 naturam,
2130 5099 2216 5137 se-

663 5141 902 5194 cundum
929 5159 1055 5197 vero
1071 5146 1387 5215 hypostascs
1411 5172 1514 5209 non
1536 5174 1722 5213 unum.
1747 5163 1915 5217 Porro
1939 5172 2211 5235 quatenus

664 5237 750 5282 est
782 5246 968 5296 unum,
1021 5244 1075 5288 et
1111 5249 1379 5305 quatenus
1414 5261 1518 5298 non
1546 5259 1631 5300 est
1693 5268 1879 5316 unum,
1939 5262 2213 5323 quomodo

670 5320 858 5373 idem?
888 5323 952 5375 Et
989 5326 1290 5382 substantia
1325 5334 1542 5399 quidem
1579 5355 1704 5402 una,
1744 5334 2057 5410 ltypostases
2084 5365 2214 5401 vero

671 5411 861 5471 multa,
903 5430 1066 5465 unutn
1127 5426 1305 5472 autem
1352 5432 1405 5474 et
1441 5425 1729 5481 multitudo
1788 5433 1890 5485 alia
1946 5448 2091 5489 sunt.
2147 5440 2215 5492 Et

580 5528 583 5529 ν
664 5500 811 5564 quod
844 5503 1003 5554 etiam
1036 5504 1361 5571 hypostasis,
1394 5516 1783 5572 etsubstantia
1815 5524 1956 5589 apud
1996 5527 2204 5580 theolo-

662 5602 760 5654 gos
784 5606 889 5641 non
929 5592 1090 5646 idem.
1121 5595 1319 5652 Dicunt
1348 5613 1525 5658 autem
1554 5610 1818 5671 nonnulli,
1852 5614 1993 5680 quod
2020 5615 2202 5671 divina

662 5684 855 5729 natura
883 5688 967 5731 est
1001 5682 1263 5747 increata,
1319 5706 1437 5760 qtae
1472 5710 1598 5749 Vero
1631 5710 1759 5751 sunt
1808 5714 1997 5768 pater
2035 5706 2196 5772 ham,

3093 4645 3419 4716 divisiones,
3459 4654 3514 4708 in
3585 4656 3761 4724 ipsum
3792 4661 3872 4714 in-

2391 4819 2511 4870 Ἔτι
2542 4822 2602 4872 ὲκ
2631 4822 2736 4873 τῶν
2751 4825 3056 4892 εἰρημένων
3078 4828 3293 4884 λέλυται
3322 4838 3414 4885 καὶ
3432 4834 3574 4902 ἅπερ
3600 4839 3705 4891 όὲκ
3736 4841 3866 4895 Θεσ-

2322 4908 2604 4974 σαλονίκης
2654 4910 2841 4974 Νεῖλος
2896 4916 2987 4966 ἐπὶ
3007 4922 3260 4972 συστάσει
3313 4924 3407 4990 τῆς
3468 4924 3626 4990 δόξης
3673 4933 3870 4999 ταύτης

2322 4998 2684 5065 συνεφόρησεν
2743 4996 2851 5053 οἷον
2903 5003 2959 5054 ἓν
3000 5007 3108 5072 ,μὲν
3147 5008 3204 5060 τὸ
3234 5011 3385 5062 Θεῖον
3406 5016 3543 5065 κατά
3566 5016 3663 5087 τὴν
3686 5021 3863 5086 φύσιν,

2322 5086 2462 5135 κατα
2496 5086 2548 5137 δὲ
2597 5086 2692 5147 τὰς
2728 5090 3045 5156 ὑποστάσεις
3094 5097 3189 5165 οὑχ
3222 5099 3299 5151 ἓν.
3349 5102 3493 5155 Καθδ
3524 5106 3582 5157 δέ
3614 5110 3763 5159 ἐστιν
3811 5114 3865 5163 ἓν

2286 5188 2292 5194 ·
2321 5177 2412 5225 καὶ
2444 5177 2575 5229 καθὸ
2599 5180 2693 5247 οὐχ
2725 5180 2800 5244 ἓν,
2835 5184 2947 5245 πῶς
2982 5187 3183 5249 ταὺτό;
3225 5191 3384 5260 Καὶὴ
3418 5193 3515 5261 μὲν
3544 5198 3700 5250 οὐσία
3747 5204 3860 5269 μία,

2318 5266 2371 5314 αί
2402 5265 2779 5321 δ’ὑποστάσεις
2808 5272 3019 5333 πολλαὶ,
3050 5275 3104 5325 ἓν
3131 5278 3184 5327 δὲ
3216 5282 3529 5352 καὶιπλῆθος
3562 5284 3723 5355 ἔτερα
3744 5310 3759 5322 ο
3778 5296 3866 5347 καὶ

2318 5352 2397 5402 ὅτι
2425 5354 2608 5419 ἐπειδὴ
2638 5356 2928 5421 ὑπηῦστασις
2962 5364 3049 5412 και
3080 5365 3234 5417 οὐσία
3265 5371 3415 5439 παρά
3452 5376 3564 5434 τοῖς
3598 5375 3862 5448 θεολόγοις

2319 5444 2378 5492 οὑ
2422 5447 2599 5508 ταὺτὸ,
2650 5446 2868 5513 λέγουσι
2920 5452 2971 5501 δέ
3005 5471 3146 5516 τινες
3177 5457 3249 5518 ὠς
3300 5463 3435 5530 μόνη
3470 5465 3502 5533 ἡ
3541 5466 3656 5522 θεία
3705 5444 3859 5539 φὺσις

2310 5533 2559 5598 ἄιτιστος
2594 5577 2608 5600 ,
2647 5539 2709 5590 τὰ
2761 5540 2817 5593 δὲ
2846 5544 2999 5611 παρά
3040 5546 3244 5620 ταύτην
3294 5554 3467 5608 πάντα
3498 5564 3731 5630 γεννητά
3768 5569 3857 5616 κιιὶ

2312 5622 2522 5687 una,
2549 5629 2735 5696 κτιστὴ
2760 5631 2822 5681 ἂν
2854 5633 2934 5699 εἴη
2961 5636 2995 5701 ἡ
3026 5636 3141 5689 Θεία
3168 5642 3479 5711 ὑπόστασις,
3510 5653 3602 5703 καὶ
3636 5653 3853 5705 τοιαῦτα

2311 5713 2366 5777 ἐξ
2400 5710 2471 5766 ὧν
2508 5717 2754 5771 ἐϐούλετο
2805 5730 3190 5792 πραγματικὰς
3224 5731 3479 5805 διαςνιρας
3526 5741 3582 5791 ἐν
3624 5743 3701 5811 τῷ
3743 5742 3854 5813 Θεῷ
