4126 6322
157 350 257 415 905

1078 343 1173 404 DE
1213 341 1723 403 PROCESSIONE
1760 336 2116 397 Si‘llll'I‘US
2152 329 2434 390 SANCTI.

3234 328 3341 389 906

156 478 253 531 κης
299 460 643 532 ἐμφαίνουσιν
697 456 1038 525 ἀναφορικῶς
1083 456 1219 523 πρὸς
1248 453 1450 522 ἀλληλα
1483 452 1732 521 ἔχοντα’,

1826 444 2148 513 ecipiantur.
2182 441 2357 494 Patris
2389 445 2570 491 autem
2595 444 2647 488 et
2680 434 2800 488 Filii
2825 446 3020 489 nomen
3046 450 3114 488 ex
3143 437 3214 490 iis
3235 449 3345 505 est,

154 553 245 604 καὶ
277 550 362 601 διὰ
390 549 547 600 τοῦτο
574 548 751 612 λέγειν
781 545 881 614 τὴν
918 544 1105 596 οὐσίαν
1134 541 1227 595 τοῦ
1261 543 1469 609 Πατρὺς
1501 541 1696 608 γεννᾷν

153 642 249 709 τὴν
289 638 378 693 τοῦ
415 638 545 691 Υιοῦ
574 637 762 689 οὐσίαν
789 636 983 704 ἀληθές
1021 638 1190 686 ἐστιν·
1219 635 1251 701 ἡ
1278 633 1386 702 γὰρ
1413 632 1568 684 οὐσία
1602 630 1696 682 τοῦ

156 730 361 799 Πατρός
391 729 542 781 οὐδὲν
567 729 751 796 ἕτερον
782 726 965 778 δίδωσι
996 726 1137 776 νοεῖν
1167 723 1200 791 ἢ
1232 723 1329 793 τὴν
1362 720 1455 773 τοῦ
1488 719 1696 787 Πατρός

156 824 470 883 ὑπόστασιν,
503 821 535 887 ἢ
567 820 628 871 τὺ
656 818 966 888 πρόσωπον.
999 811 1421 875 Ὺπόστασιςδὲ
1447 811 1505 863 τὸ
1526 810 1699 863 κοινὸν

158 912 297 981 μετὰ
336 910 429 962 τοῦ
465 910 755 972 ῑδιάζοντος
783 906 1067 959 δέδεικται·
1107 903 1205 955 καὶ
1230 903 1264 971 ἠ
1311 900 1411 970 μὲν
1456 899 1613 952 οὐσία
1639 898 1700 950 τὸ

155 1004 356 1065 κοινὸν,
382 1001 442 1052 τὸ
469 1000 525 1050 δὲ
555 998 742 1067 Πατὴρ
772 996 833 1050 τὸ
864 994 1063 1067 ιδιάζον
1100 994 1248 1045 ἐστὶν
1285 993 1464 1060 (εῐπερ
1503 990 1580 1058 μὴ
1623 988 1703 1040 δεῖ

157 1091 373 1158 φρονεῖν
421 1086 550 1140 ἀλλο
594 1087 690 1154 μὲν
741 1083 971 1153 πρᾶγμα
1004 1080 1101 1150 τὴν
1127 1080 1333 1141 οὐσίαν,
1363 1078 1489 1131 ἀλλο
1527 1078 1585 1129 δὲ
1606 1077 1702 1144 τὴν

157 1181 476 1240 ὑπόστασιν,
504 1178 687 1243 ἕτερον
730 1173 786 1225 δὲ
808 1172 906 1225 τὸν
934 1171 1177 1239 Πατέρα,
1203 1170 1297 1223 καὶ
1323 1168 1449 1220 ἀλλο
1470 1168 1570 1236 τὴν
1599 1184 1702 1219 παν

156 1271 413 1339 τρότητα,
443 1267 472 1320 δ
508 1265 645 1333 μετά
689 1264 788 1331 τῆς
811 1260 1064 1319 ἀσεϐείας
1105 1259 1238 1312 πολὺ
1265 1258 1444 1310 καὶτὸ
1478 1257 1705 1323 ἀνόητον

156 1362 317 1431 ἔχει).
343 1360 450 1411 Καὶ
473 1358 656 1425 δμοιον
678 1354 868 1422 ὥσπερ
896 1354 961 1407 ἀν
982 1354 1031 1405 ει
1059 1350 1293 1417 ἐλέγετο,
1320 1351 1353 1418 ἡ
1380 1348 1470 1401 τοῦ
1498 1347 1707 1415 [ἰατρὸς

160 1431 458 1509 ὑπόστασις
485 1446 650 1515 γεννᾷ
680 1443 779 1512 τὴν
805 1442 1101 1494 ὑπόστασιν
1131 1439 1225 1491 τοῦ
1248 1437 1404 1500 Υἱοῦ,
1436 1438 1573 1505 ὅπερ
1595 1437 1710 1509 ἐστὶ

159 1540 302 1594 κατά
326 1540 422 1606 τὴν
450 1539 544 1605 τῆς
579 1537 810 1595 πίστεως
836 1534 1003 1585 θέσιν.
1032 1530 1217 1584 Ταῦτα
1236 1528 1413 1582 τοίνυν
1441 1527 1723 1595 ἠγνόησαν,

161 1628 463 1689 παντελῶς,
490 1626 582 1687 οὓς
612 1623 835 1695 ἔχρῆνῆ
873 1621 1086 1675 οἴκοθεν
1122 1618 1366 1688 ἔχοντας,
1397 1619 1429 1686 ἢ
1462 1619 1557 1670 καὶ
1578 1616 1709 1685 παρ’

162 1715 364 1783 ἑτέρων
393 1711 653 1772 λαϐόντας
686 1709 761 1777 μὴ
786 1706 1036 1760 τοσοῦτον
1059 1705 1157 1773 τῆς
1185 1703 1440 1771 ἀληθείας
1468 1701 1710 1754 ἀποπλα-

1797 551 1919 604 quae
1946 542 2074 587 sunt
2116 536 2180 585 ad
2215 530 2451 598 aliquid,
2484 536 2540 581 et
2582 541 2842 594 personas
2868 526 3173 579 necessario
3200 525 3347 579 indi-

1796 631 1943 687 cant,
1972 635 2091 689 qua:
2135 635 2193 673 se
2225 618 2429 677 habent
2472 616 2702 669 relative
2730 616 2798 667 ad
2828 615 3100 679 invicem;
3141 615 3348 668 ideirco

1798 714 1979 766 dicere
2027 710 2383 764 substantiam
2434 707 2633 770 Patris,
2678 721 2942 774 generare
2983 706 3340 759 substantiam

1801 803 1949 867 Filii,
1973 804 2166 856 verum
2195 808 2299 862 est,
2330 800 2457 867 quia
2490 811 2587 865 per
2617 796 2978 849 substantiam
3007 794 3186 848 Patris
3210 794 3348 847 nihil

1800 892 1948 948 aliud
1992 889 2301 958 intelligere
2349 887 2511 952 licet,
2555 886 2717 953 quam
2762 885 3094 953 bypostasim
3145 885 3346 947 Patris,

1800 998 1896 1040 seu
1942 996 2254 1052 personam.
2298 979 2613 1050 Hypostasis
2641 988 2859 1038 autem,
2904 987 3183 1030 ostensum
3230 986 3351 1042 est,

1801 1090 1920 1130 esse
1949 1085 2238 1127 commune
2273 1085 2395 1124 cum
2419 1069 2679 1138 proprio;
2712 1076 2768 1122 et
2801 1068 3101 1122 substantia
3128 1069 3350 1136 quidem

1804 1176 2091 1218 commune
2134 1168 2260 1225 est;
2306 1160 2438 1212 illud
2473 1173 2605 1213 vero
2644 1158 2803 1211 Pater
2832 1159 3113 1226 proprium
3143 1169 3230 1211 est
3255 1158 3356 1227 (si-

1806 1253 2025 1321 quidem
2056 1266 2164 1304 non
2214 1260 2297 1304 est
2346 1264 2483 1317 opus
2513 1247 2739 1310 sentire,
2782 1248 2946 1300 aliam
2978 1248 3197 1315 quidem
3236 1261 3360 1300 esse

1807 1360 1921 1397 rem
1982 1340 2363 1403 substantiam,
2415 1338 2576 1391 aliam
2630 1352 2758 1389 vero
2808 1336 3166 1411 hypostasim,
3212 1337 3360 1392 aliud

1808 1442 1987 1486 autem
2021 1431 2259 1489 Patrem,
2293 1428 2435 1481 aliud
2478 1427 2882 1494 paternitatem,
2916 1427 3059 1493 quod
3098 1442 3203 1478 una
3235 1441 3362 1480 cum

1812 1522 2088 1590 impietate
2132 1522 2361 1572 multum
2390 1520 2553 1571 etiam
2588 1517 2750 1570 habet
2775 1517 3040 1585 stultitia)
3060 1557 3078 1579 ,
3106 1529 3163 1572 et
3184 1518 3362 1571 simile

1810 1624 1924 1677 est,
1982 1628 2045 1666 ac
2096 1613 2141 1665 si
2194 1612 2493 1675 diceretur,
2556 1609 2732 1661 Patris
2791 1609 3099 1677 bypostasis
3142 1618 3368 1678 generat

1814 1702 2144 1772 liypostasim
2173 1701 2315 1760 Filii,
2344 1698 2490 1767 quod
2527 1712 2658 1751 sane
2682 1698 2835 1766 juxta
2879 1698 3205 1765 positionem
3238 1700 3367 1752 ﬁdei

161 1767 380 1857 νεῖσθαι.
415 1799 551 1868 μηδὲ
590 1767 782 1863 σόφου-ς
814 1791 951 1847 εἶναι
988 1767 1313 1859 φάσκοντας,
1359 1786 1473 1842 εἶτα
1504 1789 1712 1858 μωραί-

1949 1792 2074 1846 ΗὶΕΟ
2103 1793 2268 1867 igitur
2305 1791 2521 1860 penitus
2548 1792 2886 1858 ignorarunt,
2918 1804 3059 1857 quos
3080 1792 3367 1858 oportebat

161 1910 296 1945 νειν.
334 1893 524 1945 Καίτοι
556 1889 654 1956 τὴν
706 1885 799 1938 τοῦ
832 1885 961 1937 Υἱοῦ
1009 1883 1199 1935 οὐσίαν
1242 1878 1534 1947 γεννᾶσθαι
1560 1878 1714 1944 λεγο-

165 1984 330 2051 μένου
356 1983 420 2033 in
450 1979 549 2048 τῆς
573 1977 759 2038 οὐσίας
790 1975 880 2028 τοῦ
922 1972 1156 2040 Πατρδς,
1185 1970 1412 2056 πότερρν
1443 1968 1578 2036 πρὸς
1624 1967 1716 2019 τὸν

162 2070 291 2125 νοῦν
322 2072 356 2139 ἢ
395 2068 490 2139 τὴν
516 2068 659 2133 λέξιν
680 2066 1077 2128 διενίστανται;
1112 2063 1175 2115 El
1212 2061 1309 2130 μὲν
1331 2059 1438 2129 γάρ
1470 2056 1605 2126 πρὸς
1627 2058 1717 2108 τὸν

163 2159 313 2222 νοῦν,
345 2160 481 2227 μετά
508 2158 614 2210 τῶν
642 2155 887 2209 ἀπίστων
916 2150 1192 2220 τετάχθων
1218 2149 1319 2217 τὴν
1345 2146 1438 2199 τοῦ
1468 2144 1597 2197 Υἱοῦ
1625 2145 1718 2196 ou-

168 2251 293 2302 σιαν
326 2247 427 2315 τῆς
475 2246 569 2299 τοῦ
619 2244 830 2313 Πατρός
876 2244 1064 2303 οὐσίας
1114 2238 1545 2308 ἀλλοτριοῦντες⁸
1580 2239 1629 2288 εἰ
1660 2236 1719 2288 δι

164 2343 266 2408 τὴν
298 2339 399 2408 μὶν
423 2337 567 2400 λέξιν
594 2337 656 2387 οὑ
697 2334 1110 2401 παραδέχονται,
1145 2332 1280 2384 ἀλλὰ
1324 2331 1432 2383 τῶν
1461 2329 1717 2381 διδασκά-

166 2428 275 2479 λων
304 2428 335 2477 ὁ
360 2426 536 2491 λόγος.
565 2423 630 2476 Et
659 2422 714 2474 δὲ
743 2422 841 2490 τὴν
871 2422 971 2488 μὲν
1000 2420 1141 2482 λέξιν
1184 2420 1259 2481 ὡς
1294 2419 1402 2471 τῶν
1437 2417 1607 2486 ἁγίων
1636 2413 1722 2470 οὗ·

168 2533 273 2569 σαν
318 2516 750 2584 ἀναγκαζόμενοι
780 2513 1132 2582 προσίενται,
1182 2512 1307 2564 νοῦν
1358 2512 1414 2564 δὲ
1450 2499 1609 2578 ἔχειν
1660 2511 1723 2561 ὲκ

167 2605 377 2675 ταύτης
424 2606 609 2658 οὐδένα
664 2604 979 2674 βούλονται,
1032 2602 1381 2657 παντάπασιν
1436 2599 1725 2668 ἀδιανόητα

169 2696 523 2765 φθέγγονται,
576 2696 694 2747 κατ’
727 2696 910 2746 ἐκεῖνα
944 2692 1053 2744 τῶν
1100 2690 1253 2755 ζώων
1281 2690 1348 2743 τὰ
1394 2689 1584 2756 ἄλογα,
1614 2683 1726 2740 οἷον

170 2787 273 2854 τὴν
306 2788 496 2837 κίτταν
522 2785 617 2836 καὶ
646 2784 917 2852 ἀκούομεν
946 2783 1040 2833 καὶ
1063 2780 1280 2850 ὁρῶμεν
1304 2780 1487 2848 φωνὴν
1517 2777 1727 2847 ἀνθρω-

170 2875 341 2941 πίνην
376 2874 833 2943 προϐαλλομένην,
866 2872 896 2923 ὃ
928 2873 985 2926 δὲ
1011 2872 1064 2924 τι
1095 2871 1212 2923 ποτ’
1258 2872 1324 2925 ἂν
1356 2871 1450 2921 καὶ
1473 2868 1621 2935 λέγοι
1652 2866 1727 2935 μὴ

173 2966 475 3026 συνιεῖσαν,
497 2964 558 3015 οὑ
589 2963 745 3031 κατάν
777 2962 976 3014 σκοπὸν
1022 2961 1131 3013 τῶν
1178 2960 1511 3014 διδασκάλων
1542 2961 1729 3028 ἀναγι-

1816 1886 1898 1937 vel
1924 1899 1951 1935 a
1980 1882 2196 1950 seipsis,
2216 1882 2300 1933 vel
2331 1880 2398 1933 ab
2423 1880 2545 1933 aliis
2574 1880 2820 1941 edet-tos,
2853 1894 2961 1931 non
2991 1879 3129 1932 adeo
3160 1895 3193 1932 a
3220 1881 3367 1932 veri-

1816 1985 1925 2030 tate
1975 1976 2251 2037 aberrare,
2303 1987 2481 2040 ncque
2534 1986 2593 2025 se
2643 1969 3067 2039 sapientesesse
3111 1986 3237 2036 cum
3285 1972 3369 2024 fa-

1820 2074 2054 2128 teantur,
2095 2062 2364 2129 desipere.
2395 2058 2653 2125 Quamvis
2682 2074 2806 2112 cum
2851 2059 3055 2112 dicitur
3085 2045 3204 2111 Filii
3241 2060 3375 2113 sub-

1819 2151 2018 2205 stantia
2056 2166 2122 2205 ex
2156 2148 2462 2203 substantia
2497 2147 2674 2200 Patris
2699 2145 2971 2215 generari,
3000 2161 3131 2198 num
3160 2145 3371 2207 sensui,

1818 2259 1884 2295 an
1919 2240 2101 2294 verbis
2132 2237 2553 2292 contradicunt?
2578 2237 2633 2290 Si
2665 2220 2813 2289 enim
2834 2234 3043 2298 sensui,
3065 2234 3120 2287 in
3146 2250 3377 2288 numero

1821 2328 2119 2382 inﬁdelium
2169 2327 2551 2388 collocentur;
2616 2325 2813 2392 quippe
2856 2324 2951 2391 qui
3016 2323 3375 2377 substantiam

1822 2419 1944 2472 Filii
1979 2432 2010 2471 a
2043 2416 2344 2471 substantia
2376 2414 2553 2468 Patris
2582 2414 2844 2467 alienant.
2876 2412 2977 2466 Sin
3026 2413 3247 2466 modum
3277 2413 3380 2465 di-

1822 2509 1982 2567 cendi
2010 2524 2118 2563 non
2138 2507 2420 2576 recipiunt
2442 2547 2457 2571 ,
2494 2506 2643 2573 atqui
2677 2504 2929 2559 doctores
2954 2504 3029 2557 ita
3057 2504 3379 2572 loquuntur.

1834 2599 1989 2666 Quod
2037 2599 2082 2652 si
2137 2599 2431 2653 dictionem
2481 2597 2702 2666 quidem
2750 2606 3007 2661 tanquam
3062 2605 3378 2649 sanctoru

1823 2689 2174 2743 exsistentem
2194 2688 2365 2742 coacti
2392 2688 2940 2749 admittunt,sensum
2963 2694 3142 2739 autem
3167 2686 3377 2740 nullum

1814 2793 1891 2832 ἐι
1920 2779 2019 2833 hoc
2048 2778 2209 2831 modo
2240 2776 2495 2849 loquendi
2528 2777 2774 2838 eliciunt,
2815 2776 3131 2829 omnimodo
3160 2774 3379 2828 inintel-

1826 2868 2050 2938 ligibilia
2074 2868 2415 2936 .loquuntur,
2457 2867 2524 2920 ad
2590 2868 2763 2920 instar
2802 2865 3027 2919 illorum
3065 2865 3381 2919 animalium

1832 2958 2308 3023 irrationabilium,
2333 2957 2512 3027 qualis
2540 2966 2624 3012 est
2661 2957 2808 3025 pica,
2842 2971 3005 3026 quam
3046 2955 3293 3010 audimus
3328 2965 3384 3011 et

172 3054 481 3116 νὼσκοντες
503 3094 519 3118 ,
570 3055 621 3107 οἳ
662 3053 814 3107 ταῦθ’
844 3052 983 3123 ὑπὲρ
1014 3050 1175 3122 ἡμῶν
1212 3052 1729 3123 ἐπραγματεύσαντο

1830 3049 2078 3103 videmus
2102 3063 2292 3102 vocem
2318 3045 2611 3101 humanam
2637 3048 3025 3115 proferentem,
3045 3047 3177 3116 quid
3199 3052 3384 3102 autem

173 3142 379 3195 πάντα.
419 3141 477 3193 Εἰ
519 3141 566 3193 δ’
609 3139 682 3203 ὡς
725 3139 1001 3209 ἄνθρωποι
1052 3139 1146 3192 καί
1173 3155 1295 3192 τινα
1341 3138 1465 3193 νοῦν
1495 3139 1639 3207 ἔχειν
1666 3139 1730 3191 ὲκ

170 3233 279 3301 τῆς
332 3232 532 3297 λέξεως
584 3231 899 3302 βούλονται,
928 3230 982 3282 τι
1012 3229 1089 3299 τῷ
1143 3229 1430 3299 γράμματι
1479 3229 1731 3296 καθάπερ

186 3323 442 3378 Ἰουδαῖοι
487 3322 914 3393 προσπταίοντες
961 3320 1298 3389 πάσχουσινς
1350 3319 1491 3389 ὅπερ
1520 3321 1549 3373 ό
1588 3318 1730 3380 θεῖος

176 3413 462 3473 Διονύσιος
506 3410 699 3477 ἀλογον
748 3409 843 3462 καὶ
889 3407 1078 3460 σκαιὸν
1105 3402 1246 3459 εἶναι
1277 3406 1446 3475 λέγει,
1472 3406 1535 3459 τὺ
1567 3406 1642 3475 μὴ
1665 3407 1731 3476 τῇ

174 3502 414 3569 δυνάμει
446 3499 539 3553 τοῦ
572 3496 775 3550 σκοποῦ
823 3497 1134 3567 προσέχειν,
1186 3497 1321 3551 ἀλλά
1350 3500 1471 3560 ταῖς
1510 3497 1687 3563 λέξεσι
1717 3515 1730 3561 ;

178 3591 280 3643 καὶ
314 3589 505 3658 ὥσπερ
535 3588 709 3657 νήπια
740 3586 1029 3656 φοὸοῦνται
1081 3589 1266 3657 φόϐον,
1292 3589 1429 3642 ὅπου
1470 3590 1572 3642 οὑκ
1619 3590 1735 3641 εστι

176 3680 390 3749 φόϐοςς
444 3678 579 3732 ἀλλὰ
624 3678 703 3748 μὴ
738 3678 873 3744 πρὸς
897 3678 987 3729 τὸν
1019 3677 1143 3731 νοῦν
1187 3679 1435 3748 ἀφορῶσι
1461 3680 1567 3732 τῶν
1593 3674 1737 3731 διδαὲ

179 3768 519 3833 σκάλων,,ὲξ
548 3763 623 3822 ὧν
677 3766 859 3829 αὐτοῖς
909 3764 976 3819 ἀν
1005 3767 1192 3820 εἵπετο
1229 3769 1378 3821 πᾶσα
1428 3768 1737 3836 καθαρότης

174 3860 294 3911 τῶν
328 3854 540 3923 lorum);
566 3855 680 3909 Νῦν
710 3855 820 3939 γαρ
848 3856 983 3922 πρὸς
1018 3857 1215 3921 αὑτοὺς
1262 3860 1594 3927 ἀφορῶντες,
1644 3862 1739 3912 καὶ

174 3945 297 4001 οἷον
329 3948 517 4008 αὐτοῖς
545 3945 765 4000 κανόσιν
811 3945 929 3999 οὖσι
962 3949 1085 4010 τοὺς
1129 3948 1315 4015 λόγους
1348 3952 1737 4019 προσάγοντες,

177 4036 287 4096 τὰς
322 4034 500 4104 ἀρχάς
546 4033 914 4103 τῆς-πίστεως
947 4034 1250 4104 ἀναιροῦσι,
1299 4037 1393 4089 καὶ
1446 4036 1740 4107 βλάσφημα

178 4126 321 4194 περὶ
347 4122 442 4175 τοῦ
467 4122 599 4175 Θεοῦ
634 4122 1112 4192 συμπεραίνουσιν.
1146 4125 1220 4178 Oti
1251 4125 1358 4195 γὰρ
1400 4126 1663 4195 δήπουθεν
1691 4128 1741 4180 οἱ

179 4211 503 4267 διδάσκαλοι
527 4214 621 4266 δύο
647 4212 832 4274 οὐσίας
864 4214 928 4264 ἐκ
958 4212 1051 4265 τοῦ
1078 4212 1238 4282 λόγου
1268 4215 1407 4266 νοεῖν
1435 4214 1737 4283 βούλονται,

178 4304 688 4372 ἀπεσχοινισμένας
738 4300 1018 4369 ἀλλήλων,
1079 4301 1295 4373 ἀριθμῷ
1345 4303 1740 4371 διαφερούσας,

1833 3138 1926 3203 sit,
1954 3137 2100 3205 quod
2127 3136 2282 3199 dicit,
2320 3150 2428 3188 non
2463 3135 2858 3205 intelligentem
2896 3152 2911 3186 :
2941 3152 3051 3189 non
3083 3138 3384 3192 secundum
3456 3206 3465 3210 ν
3509 3156 3517 3167 ’

1832 3238 2071 3281 mentem
2122 3226 2409 3282 doctorum
2456 3225 2718 3295 legentes,
2755 3230 2849 3294 qui
2895 3226 3011 3281 hac
3053 3227 3236 3282 omnia
3280 3243 3385 3297 pro

1832 3315 1992 3371 nobis
2030 3323 2352 3372 tractarunt.
2369 3314 2525 3381 Quod
2553 3315 2598 3369 si
2631 3323 2690 3369 ut
2722 3315 2975 3372 homines
2997 3317 3236 3386 aliquem
3259 3333 3389 3372 aen-

1832 3421 1954 3461 sum
1990 3422 2054 3461 ex
2088 3406 2354 3460 vocabulo
2402 3415 2623 3468 eruunt,
2658 3422 2829 3474 quare
2862 3407 3067 3472 littera,
3110 3416 3173 3461 ut
3210 3409 3385 3464 luchi

1833 3494 2191 3551 offenduntur
2213 3496 2235 3549 ἲ
2261 3496 2503 3566 illudque
2531 3496 2812 3564 patiuntur
2834 3498 2984 3565 quod
3017 3480 3237 3553 divinus
3254 3500 3389 3554 Dio-

1835 3586 2026 3657 nysius
2053 3587 2388 3654 irrationale,
2426 3603 2492 3642 ac
2538 3588 2763 3642 stultum
2809 3604 2937 3644 esse
2972 3592 3390 3662 asserithluod

1837 3692 1946 3732 non
1969 3679 2035 3735 ad
2065 3678 2176 3733 vim
2203 3692 2414 3743 sensus,
2444 3678 2539 3733 sed
2567 3679 2633 3733 ad
2661 3680 2932 3735 dictiones
2956 3682 3201 3735 animum
3225 3682 3391 3737 adhi-

1837 3768 2043 3824 beant?
2070 3778 2126 3823 et
2168 3768 2314 3822 sicut
2355 3769 2565 3837 parvuli
2602 3770 2851 3823 timorem
2879 3771 3125 3834 timeant,
3155 3774 3251 3828 ubi
3280 3790 3392 3829 non

1837 3866 1920 3911 est
1951 3857 2147 3912 timor?
2176 3872 2361 3926 neque
2383 3857 2450 3911 ad
2482 3849 2717 3912 mentem
2742 3858 3029 3913 doctorum
3058 3862 3396 3929 respiciant!

1837 3963 1902 4002 ex
1930 3948 2132 4018 quibus
2165 3957 2488 4017 sequeretur
2521 3948 2654 4016 ipsis
2679 3949 2969 4004 verborum
2992 3952 3395 4019 perspicuitas?
3430 3950 3436 3957 ’

1825 4029 1995 4096 Nunc
2044 4053 2176 4115 vero
2228 4037 2294 4092 ad
2353 4038 2501 4108 ipsos
2565 4039 2955 4108 respicientes,
3004 4051 3169 4111 atque
3219 4042 3393 4097 veluti
3448 4036 3451 4037 ⁷

1794 4200 1809 4210 f
1840 4132 2056 4200 regulas
2103 4144 2329 4185 suorum
2396 4130 2671 4183 dictorum
2719 4131 3083 4198 adhibentes,
3130 4135 3396 4205 principia

1843 4221 1965 4274 ﬁdei
1994 4220 2210 4285 tollunt,
2239 4233 2405 4287 atque
2447 4218 2764 4288 blasphema
2800 4221 2869 4275 de
2906 4224 3018 4277 Deo
3041 4227 3396 4281 concludunt.

1842 4309 1961 4363 Non
2007 4309 2154 4363 enim
2200 4309 2446 4379 profecto
2483 4310 2736 4365 doctores
2782 4313 2919 4366 duas
2961 4313 3294 4369 substantias
3318 4330 3391 4369 ex

176 4395 306 4447 ἀλλ’
334 4396 419 4445 ὅτι
451 4392 559 4446 τῶν
608 4391 911 4461 προσώπων
954 4391 1183 4447 ἕκαστον
1209 4394 1469 4459 ἰνούσιον,
1503 4395 1598 4447 καὶ
1620 4397 1732 4448 καθ

1844 4399 1943 4455 illo
1982 4413 2235 4454 sermone
2283 4400 2587 4470 intelligere
2618 4401 2806 4477 volunt
2832 4401 3111 4472 sejunctas
3145 4404 3218 4458 ab
3256 4396 3398 4459 insi-

176 4486 325 4539 αὐτὸ
370 4482 617 4552 ὑφεστὼς
648 4483 817 4547 ῐσασι,
844 4484 938 4534 καὶ
973 4482 1096 4535 οὕτε
1131 4484 1231 4553 τὴν
1259 4485 1555 4539 ὑπόστασιν
1587 4486 1745 4538 ἀνού-

176 4593 329 4640 σιον,
360 4574 467 4627 οὐδ’
497 4570 564 4626 αῦ
610 4574 797 4627 οὐσίαν
823 4575 1196 4631 ἀνυπόστατον
1230 4576 1428 4627 ἐκεῖνοι
1458 4577 1592 4644 φασί
1615 4594 1628 4608 ·
1657 4579 1747 4630 διὰ

177 4666 292 4735 μὲν
326 4664 423 4716 τοῦ
474 4663 596 4725 Υἱὸς
628 4664 723 4733 τὴν
755 4662 1050 4737 ὑπόστασιν
1080 4665 1111 4731 ἢ
1146 4666 1205 4715 τὸ
1249 4668 1539 4747 πρόσωπον
1589 4684 1748 4736 παρι-

177 4754 454 4816 στῶντες,
505 4754 591 4805 διὰ
641 4754 696 4805 δὲ
724 4755 821 4821 τῆς
869 4755 1055 4816 οὐσίας
1102 4756 1343 4809 ἑνούσιον
1392 4760 1485 4809 καὶ
1534 4758 1748 4810 τελείαν

175 4843 387 4898 οὐσίαν
416 4843 820 4912 σαφηνίζοντες,
853 4846 949 4898 καὶ
973 4845 1158 4897 οὑσίαν
1188 4845 1315 4900 Υίοῦ
1345 4847 1465 4900 ἀντὶ
1490 4848 1586 4915 τῆς
1622 4850 1751 4899 ὑπο-

176 4936 441 4996 στάσεως
483 4933 645 4985 αὑτοῦ
703 4933 1174 5000 ἐκλαμϐάνοντες·
1220 4934 1359 4988 ὥστε
1409 4937 1509 5003 τῆς
1557 4936 1751 4999 λέξεως

174 5028 297 5079 τῶν
353 5022 684 5077 διδασκάλων
740 5025 876 5090 μετὰ
906 5025 1004 5093 τῆς
1039 5025 1358 5094 πρεπούσης
1398 5027 1604 5087 ἑννοίας
1636 5027 1756 5094 ὲχό-’

177 5134 374 5189 μενοι,
429 5115 547 5184 μεθ’
577 5114 734 5183 ἡμῶν
764 5130 820 5165 τε
870 5115 1135 5166 κάκείνων
1174 5117 1507 5169 ἐστάτωσαν.
1543 5117 1753 5183 Ὥσπερ

174 5209 298 5275 γὰρ
328 5205 423 5284 τὸν
454 5203 578 5255 Υιὸν
610 5206 674 5255 ὲκ
705 5203 795 5273 τοῦ
830 5203 964 5255 Θεοῦ
994 5199 1135 5255 εἶναι
1160 5204 1411 5272 λέγομεν,
1460 5208 1553 5258 καὶ
1581 5207 1637 5256 οὐ
1666 5206 1755 5273 δή·

175 5315 294 5350 που
333 5294 469 5346 διότι
499 5296 525 5345 ὁ
571 5294 695 5356 Υἱὸς
727 5295 857 5356 Θεός
900 5299 1037 5359 ἐστι,
1080 5296 1173 5347 καί
1197 5298 1222 5347 ὁ
1257 5297 1443 5365 Πατὴρ
1474 5297 1624 5357 Θεὸς,
1666 5297 1757 5348 καὶ

175 5388 241 5439 τὸ
285 5380 518 5448 Πνεῦμα
554 5382 615 5432 τὸ
647 5382 798 5447 ἆγιον
833 5383 986 5445 Θεὸς,
1021 5383 1083 5434 τὸ
1130 5386 1277 5452 ῥῆμα
1314 5384 1754 5451 ἀποδαλλόμεθα,

177 5480 276 5529 ενα
319 5475 403 5542 μὴ
433 5469 871 5539 ἀναγκαζώμεθα
917 5471 1139 5541 δῆθενῆ
1186 5474 1276 5524 τὸν
1309 5471 1515 5535 Υῐὸνηὲξ
1562 5472 1756 5526 ἑαυτοῦ

175 5568 385 5633 λέγειν
412 5563 562 5625 ὄντος
581 5561 746 5624 Θεοῦ,
789 5561 820 5630 ἢ
852 5565 915 5615 ὲκ
944 5561 1036 5615 τοῦ
1072 5564 1228 5629 ἀγίου
1267 5562 1605 5631 Πνεύματος,
1642 5565 1758 5616 ἀλλ’

181 5656 409 5714 εἰδότες
435 5652 529 5705 δύο
580 5646 833 5721 προόδους
860 5654 917 5704 ἐν
946 5652 1023 5719 τῷ
1050 5652 1167 5721 Θεῴ
1198 5651 1360 5713 οὑσας
1398 5655 1633 5719 φυσικὰς
1662 5656 1755 5707 καὶ

450 5745 718 5805 ΡΑτιιοι..
758 5746 873 5807 Gn.
918 5741 1119 5803 CLIV.

1847 4503 1965 4542 cem
2008 4489 2321 4543 differentes
2367 4505 2620 4557 numero,
2645 4491 2738 4545 sed
2762 4492 2909 4560 quod
2958 4509 3399 4562 unamquamque

1848 4593 2130 4645 personam
2183 4580 2579 4644 exsistcntem,
2634 4591 2689 4639 et
2735 4598 2833 4650 per
2888 4598 2949 4636 se
3008 4584 3395 4639 subsistentem

1849 4681 2085 4735 norunt;
2117 4677 2172 4722 et
2219 4684 2398 4737 neque
2428 4670 2757 4738 hypostasim
2787 4670 2907 4724 sine
2946 4658 3273 4739 substantia,
3298 4690 3398 4728 ne—

1850 4774 1957 4827 que
1989 4759 2353 4814 substantiam
2382 4760 2499 4813 sine
2526 4761 2801 4829 bypostasi
2826 4777 2950 4817 esse
2980 4764 3084 4831 ipsi
3108 4775 3358 4819 asserunt
3381 4785 3398 4818 :

1852 4866 1947 4917 per
1978 4851 2122 4903 illam
2148 4864 2363 4913 vocem,
2399 4851 2589 4914 Filius,
2626 4853 2953 4921 bypnstasiin
2993 4873 3087 4907 seu
3110 4872 3397 4925 personam

1854 4939 2156 4993 indicantes
2183 4956 2197 5002 ;
2250 4953 2357 5008 per-
2389 4942 2745 4994 substantiam
2776 4953 2983 5006 autem,
3014 4947 3397 5000 subsistentem

1834 5029 2258 5098 perfectamque
2290 5032 2645 5085 substantiam
2680 5017 3035 5099 ειῃιὶωειωέ,
3072 5045 3237 5101 atque
3264 5038 3401 5089 sub-

1856 5123 2107 5174 stantiam
2160 5122 2279 5174 Filii
2333 5124 2455 5174 loco
2502 5125 2620 5192 ejus
2650 5124 3001 5193 Iiypostaseos
3044 5129 3393 5194 accipientes.

1858 5211 2042 5279 Itaque
2092 5212 2317 5265 dictioni
2356 5213 2637 5267 doctorum
2689 5230 2810 5267 cum
2862 5216 3205 5268 convcnicnti
3238 5234 3403 5273 sensu

1858 5301 2197 5354 adhaerentes
2245 5303 2551 5364 nobiscum,
2588 5314 2643 5356 et
2676 5320 2798 5356 cum
2849 5305 2983 5373 ipsis
3017 5316 3183 5359 stent.
3212 5308 3410 5370 Quem-

1859 5390 2148 5442 admodum
2198 5391 2390 5445 Filium
2451 5408 2516 5447 ex
2568 5394 2677 5446 Deo
2719 5409 2840 5449 esse
2870 5397 3208 5459 dicimus,e:
3259 5411 3410 5453 certe

1861 5494 1967 5530 non
1995 5489 2300 5547 propterea,
2324 5483 2449 5549 quia
2479 5482 2647 5535 Filius
2670 5484 2812 5538 Deus
2840 5494 2944 5546 est.
2971 5496 3028 5538 et
3052 5484 3211 5539 Pater
3242 5486 3412 5550 Deus,

1860 5581 1913 5621 et
1962 5568 2203 5636 Spiritus
2242 5582 2463 5623 sanctus
2498 5572 2659 5637 Deus,
2711 5574 2815 5628 hoc
2848 5576 3077 5629 verbum
3114 5576 3411 5645 rejicimus,

1862 5674 1931 5713 ne
1964 5674 2223 5728 cogamur
2254 5676 2382 5713 sane
2416 5664 2497 5714 vel
2546 5663 2743 5717 Filium
2774 5682 2803 5718 a
2834 5668 2892 5720 se
2930 5667 3135 5732 dicere,
3174 5682 3300 5721 cum
3339 5667 3415 5727 sit

2906 5760 2986 5816 29
