4126 6322
758 316 857 380 911

2007 310 2375 371 DEMETIHI
2417 312 2721 371 CYDUNll

3851 317 3957 382 912

758 430 949 486 morbo
985 439 1186 483 temere
1234 429 1467 492 laborat,
1500 438 1557 481 ut
1606 436 1878 481 ostensum
1926 436 2031 488 est,
2073 440 2305 493 eumque

2417 444 2512 489 :at,
2547 428 2685 479 δυοῖν
2739 429 2957 497 θάτερον
2988 430 3013 479 ό
3045 428 3299 492 τοιοῦτος,
3344 430 3373 498 ἢ
3409 432 3471 481 τὰ
3520 430 3625 483 τῶν
3668 431 3960 497 Ἀρειανῶν

757 540 880 577 cum
926 526 1124 590 pudeat
1154 520 1419 574 manifesti
1452 518 1672 572 absurtli
1722 534 1817 586 per
1864 517 2019 570 aliam
2051 517 2191 570 viam
2237 519 2303 570 ad

758 614 900 667 idem
934 611 1143 664 tendit:
1174 611 1256 663 vel
1289 610 1508 662 omnino
1538 608 1735 663 stultus
1763 620 1865 671 est,
1898 609 2303 677 quomodocun-

759 718 864 772 que
893 718 1021 756 vero
1048 717 1133 757 res
1162 716 1219 756 se
1250 701 1516 765 habuerit,
1547 699 1794 753 falsitatis
1817 698 1997 753 evadit
2036 699 2304 767 magister.

1369 896 1588 951 CAPUT
1620 897 1693 949 Χ.

762 995 901 1057 Quas
924 991 1151 1069 tandem,
1171 1008 1283 1069 quin
1300 992 1535 1069 videlitur
1556 990 1859 1069 obiectiones
1883 1007 1990 1042 esse
2010 992 2306 1058 principum,

825 1064 889 1113 iis
914 1058 1278 1127 inferﬂuuqui
1303 1076 1364 1111 ea:
1389 1059 1548 1110 Putre
1577 1058 1816 1125 Filioque
1841 1064 2112 1125 procedere
2139 1064 2307 1121 nium,

826 1141 874 1182 et
908 1131 1131 1196 primum
1170 1145 1231 1180 ex
1261 1128 1816 1191 consubstantialilale,
1847 1138 1998 1197 atque
2032 1129 2310 1181 solutiones

829 1198 1127 1265 Imjusmodi
1162 1200 1444 1249 rationum.

828 1306 1092 1359 Cieterum
1125 1307 1222 1358 hoe
1256 1307 1373 1359 loco
1408 1305 1528 1373 quis
1569 1307 1759 1357 horum
1792 1306 2096 1373 elegantum
2140 1306 2310 1359 homi-

760 1411 888 1448 num
939 1396 1270 1461 objectiones
1316 1395 1484 1448 lerat?
1532 1394 1821 1462 Opponunt
1862 1394 2029 1456 enim,
2074 1396 2216 1463 quod
2266 1397 2310 1448 si

762 1493 1049 1553 pr0pterea
1078 1486 1312 1553 Spiritus
1347 1493 1567 1538 sanctus
1594 1495 1677 1539 est
1708 1499 1770 1537 ex
1806 1472 2103 1537 substantia
2140 1486 2313 1538 Patris

761 1585 817 1630 et
860 1575 1001 1639 Filii,
1048 1577 1189 1644 quod
1226 1564 1385 1628 Pater
1429 1584 1481 1628 et
1520 1574 1689 1629 Filius
1728 1590 1834 1628 non
1880 1576 1951 1630 sit
1994 1577 2311 1636 substantia.

760 1668 1005 1735 profecto
1067 1667 1366 1719 secundum
1422 1664 1667 1719 eamdem
1721 1666 2006 1729 rationem,
2054 1667 2311 1733 quoniam

2408 516 2635 583 ἀλόγως,
2663 520 2732 579 ὡς
2763 521 3046 585 δέδεικται,
3078 521 3243 582 νοσεῖ,
3280 520 3414 584 πρὸς
3467 522 3565 586 μὲν
3624 521 3681 571 τὸ
3723 522 3959 589 φανερὸν

2406 607 2605 659 ἄτοπον
2636 608 3040 676 αἰσχυνόμενος,
3088 608 3153 660 δι’
3208 610 3399 678 ἐτέρας
3449 608 3502 661 δὲ
3550 608 3684 678 πρὸς
3726 610 3785 661 τὸ
3831 610 3965 661 αὐτὸ

2409 691 2744 759 φερόμενος·
2783 691 2814 760 ἢ
2864 693 3203 746 παντάπασιν
3251 695 3477 762 μάταιός
3526 697 3693 765 ἐσλτιν.
3735 696 3967 749 Ὀποτέο

2410 798 2515 849 ρως
2552 782 2595 833 δ’
2628 782 2691 835 ἂν
2723 783 2856 851 ἔχοι,
2892 784 2983 835 τοῦ
3018 784 3245 853 ψεύδους
3271 786 3588 849 διδάσκαλος
3616 787 3848 853 γίνεται.

3000 898 3249 951 ΚΕΦΛΛ.
3305 896 3358 950 I'.

2415 983 2584 1054 τίνας
2634 984 2775 1035 ποτὲ
2839 985 3141 1051 δοκούσας
3196 987 3529 1052 ἀντιθέσεις
3586 988 3968 1054 καιριωτέίης

2479 1052 2600 1122 τοῖς
2652 1054 2718 1104 ex
2768 1055 2871 1106 τοῦ
2930 1056 3153 1119 Πατρός
3201 1056 3294 1107 καὶ
3353 1052 3969 1122 1Ἰοῦ,ἐκπορεύεσθαι

2478 1120 2767 1201 νίέγουσιιί
2834 1123 3306 1201 émirovthxal
3373 1124 3607 1201 πρῶτον
3652 1120 3787 1201 ’ἀπὸ
3856 1126 3969 1193 τῆς

2483 1192 2961 1256 όμοοιισιότητος,
2998 1193 3092 1243 καὶ
3125 1193 3336 1257 λύσεις
3363 1192 3476 1246 τῶν
3507 1196 3808 1247 τοιούτων.

2474 1304 2631 1354 ηἈλΥ
2660 1305 2887 1356 ἐνταῦθα
2932 1306 3015 1367 τίς
3046 1306 3113 1359 ἂν
3142 1308 3250 1360 τῶν
3282 1308 3502 1376 κομψῶν
3538 1310 3635 1371 τὰς
3664 1311 3968 1373 ἀντιθέσεις

2413 1394 2660 1459 ὲνέγκαι;
2723 1396 3074 1449 Ἀντιτιοέασι
3130 1399 3270 1465 γὰρ,
3332 1400 3404 1459 ὡς
3467 1401 3517 1450 εἰ
3574 1401 3658 1453 διὰ
3715 1403 3775 1453 τὸ
3838 1402 3969 1469 μίαν

2412 1483 2599 1535 οὐσίαν
2638 1475 2776 1535 εἶναι
2829 1485 2915 1536 τὸν
2957 1487 3171 1555 Πατέρα
3224 1489 3316 1541 καὶ
3352 1490 3445 1540 τὸν
3484 1489 3629 1552 Υίδν,
3658 1491 3721 1542 ὲκ
3752 1493 3845 1560 τῆς
3877 1493 3968 1542 οὐ·

2415 1570 2531 1631 σίας
2589 1572 2681 1623 τοῦ
2742 1574 2950 1644 Πατρὸς
3006 1577 3097 1627 καὶ
3156 1577 3248 1628 τοῦ
3304 1578 3431 1630 Υίοῦ
3486 1576 3628 1633 εἶναι
3684 1582 3744 1633 τὸ
3806 1581 3968 1648 ἅγιον

2415 1664 2661 1732 Πνεῦμα,
2710 1667 2850 1718 κατὰ
2897 1668 2987 1719 τὸν
3043 1669 3207 1721 αὐτὸν
3248 1672 3422 1738 δήπου
3475 1674 3652 1738 λόγον,
3695 1674 3817 1725 ἐπεὶ
3869 1676 3968 1743 μία

761 1773 868 1811 una
898 1768 978 1811 est
1010 1758 1312 1811 substantia
1343 1757 1519 1810 Patris
1544 1771 1605 1810 ac
1630 1757 1885 1824 Spiritus,
1908 1757 2099 1811 merito
2126 1771 2311 1825 seque-

2417 1755 2566 1806 οὐσία
2611 1756 2704 1808 τοῦ
2740 1757 2947 1825 Πατρός
2984 1762 3075 1810 καὶ
3124 1758 3216 1811 τοῦ
3264 1761 3598 1830 Πνεύματος,
3632 1764 3857 1825 εἰκότως
3901 1767 3968 1817 ἂν

759 1856 910 1901 retur
936 1847 1097 1899 etiam
1129 1847 1324 1900 Filium
1355 1863 1419 1900 ex
1458 1847 1755 1901 substantia
1788 1848 1961 1902 Patris
1990 1859 2042 1902 et
2076 1847 2309 1915 Spiritus

759 1951 899 1989 esse.
946 1935 1046 2000 Qui
1078 1937 1242 2004 igitur
1288 1937 1401 1988 haec
1442 1936 1725 2002 objiciunt,
1766 1936 2018 1989 videntur
2061 1937 2308 2006 ignorare

760 2026 1025 2093 principia
1069 2026 1227 2091 ﬁdei;
1262 2040 1397 2094 quos
1429 2026 1712 2094 oportebat
1748 2028 1810 2077 ad
1859 2027 2034 2080 minus
2064 2042 2125 2080 ea
2172 2027 2311 2080 didi-

762 2116 922 2177 cisse,
946 2116 1139 2169 deinde
1171 2115 1478 2182 theologum
1523 2130 1702 2183 agere.
1733 2116 1799 2170 Ut
1828 2116 1970 2170 enim
2001 2116 2134 2170 dixit
2160 2117 2297 2184 quis-

762 2206 906 2274 piam
936 2220 964 2258 e
993 2206 1162 2257 sacris
1180 2203 1497 2257 doctoribus
1520 2206 1587 2271 (is
1613 2206 1901 2275 Gregorius
1927 2208 2053 2275 est),
2074 2210 2311 2275 optimus

763 2298 898 2349 ordo
932 2297 1165 2365 primum
1203 2295 1432 2357 discere,
1458 2305 1642 2363 postea
1675 2297 1887 2350 docere.
1912 2300 2165 2362 Quamvis
2189 2316 2309 2352 cum

764 2389 937 2442 sancti
987 2404 1053 2441 ex
1086 2388 1386 2442 substantia
1420 2388 1592 2441 Patris
1636 2396 1690 2441 et
1728 2388 1846 2441 Filii
1891 2390 2147 2457 Spiritum
2193 2408 2310 2447 esse

764 2479 1065 2544 disserunt,
1102 2478 1233 2531 nihil
1268 2479 1332 2531 ad
1366 2494 1465 2533 nos
1496 2488 1740 2547 spectare
1777 2482 2133 2548 objectionem
2164 2485 2311 2540 diee-

764 2582 904 2629 mus,
942 2566 1290 2620 nihilominus
1318 2565 1604 2620 dicendum
1644 2576 1727 2621 est
1754 2584 1765 2619 :
1796 2568 2156 2621 necessarium
2195 2585 2313 2624 esse

769 2677 872 2714 una
905 2676 1028 2713 eum
1064 2660 1188 2713 ﬁdei
1213 2660 1511 2729 principiis,
1542 2669 1599 2712 ut
1628 2660 1730 2714 hoc
1754 2662 1915 2715 etiam
1940 2662 2311 2727 conﬁteamur,

768 2752 1047 2805 Monadem
1088 2752 1141 2805 in
1178 2751 1393 2815 Triade,
1428 2765 1491 2804 ac
1523 2749 1772 2804 Triadem
1808 2751 1860 2804 in
1895 2752 2118 2807 Monade
2152 2768 2313 2807 vene-

770 2842 910 2902 rari,
942 2852 1103 2909 atque
1128 2857 1266 2909 opus
1295 2855 1413 2895 esse
1443 2841 1569 2893 dum
1609 2841 1947 2908 disputamus
1979 2858 2151 2909 neque
2185 2842 2315 2896 Uni-

772 2939 933 2984 tatem
967 2941 1186 2999 propter
1212 2928 1529 2983 Trinitatem
1562 2930 1914 2998 distinguere,
1942 2945 2115 2999 neque
2143 2932 2317 2984 Trini-

772 3028 931 3073 tatem
964 3031 1187 3089 propter
1230 3020 1497 3075 Unitatem
1528 3019 1877 3073 confundere.
1914 3020 2016 3075 Sed
2049 3021 2151 3074 hoc
2174 3022 2317 3075 loco

2415 1846 2598 1897 ἕποιτο
2621 1848 2713 1897 καὶ
2744 1847 2834 1901 τὸν
2864 1848 2989 1899 Υίὸν
3020 1851 3080 1902 ὲκ
3115 1850 3213 1917 τῆς
3263 1852 3447 1913 οὐσίας
3487 1852 3579 1905 τοῦ
3628 1855 3840 1922 Πατρδς
3875 1856 3968 1907 καὶ

2414 1930 2507 2013 τοῦ
2546 1932 2857 2000 Πνεῦματος
2892 1931 3048 1988 εἶναι.
3084 1936 3220 1998 Τοὺς
3267 1938 3358 1989 οῦν
3398 1938 3571 1991 ταῦτα
3601 1942 3971 2003 ἀντιτιθέντας

2416 2021 2629 2085 ἀγνοεῖν
2671 2023 2768 2084 τὰς
2812 2026 2987 2095 ἀρχὰς
3015 2028 3112 2096 τῆς
3146 2028 3378 2089 πίστεως
3427 2030 3674 2096 φαίνεται
3696 2046 3711 2060 ⁶
3744 2033 3837 2091 οὓς
3868 2035 3967 2085 αὐ-

2416 2111 2513 2173 τὰς
2544 2113 2891 2182 τούλάχιστον
2920 2117 3082 2186 ἐχρῆν
3107 2118 3471 2187 διδαχθέντας,
3514 2115 3634 2173 εἶτα
3674 2122 3966 2188 θεολογείν.

2428 2202 2515 2264 Ὠς
2548 2206 2654 2272 γάρ
2690 2204 2792 2273 ἔφη
2836 2222 2917 2266 τις
2951 2207 3053 2258 τῶν
3084 2209 3239 2277 ίερῶν
3272 2209 3608 2262 διδασκάλων
3643 2211 3968 2279 (Γρηγόριος

2417 2287 2568 2354 οὗτός
2597 2294 2758 2359 ἐστι),
2791 2293 2937 2358 τάξις
2987 2296 3179 2365 ἀρίστη
3234 2298 3521 2365 μανθάνειν
3574 2299 3811 2366 πρῶτον,
3854 2297 3969 2351 εἶτα

2418 2380 2707 2435 διδάσκειν.
2742 2384 2932 2435 Καίτοι
2987 2383 3096 2435 τῶν
3154 2385 3323 2450 ἁγίων
3379 2388 3443 2438 ἐκ
3494 2389 3590 2455 τῆς
3643 2388 3832 2449 οὐσίας
3877 2388 3968 2440 τοῦ

2420 2472 2632 2540 Πατρὸς
2696 2475 2790 2527 καὶ
2839 2474 2935 2527 τοῦ
2987 2474 3115 2526 Υίοῦ
3170 2476 3227 2527 τὸ
3271 2476 3493 2546 Πνεῦμα
3547 2479 3968 2547 θεολογούντων,

2419 2566 2569 2617 οὐδὲν
2624 2563 2760 2618 εἶναι
2815 2570 2912 2635 τὴν
2974 2569 3243 2622 ἀντίθεσιν
3303 2572 3436 2639 πρὸς
3490 2574 3637 2641 ἡμᾶς
3688 2576 3959 2642 φήσομεν.

2422 2654 2565 2722 Πλὴν
2602 2656 2694 2707 καὶ
2728 2654 2868 2706 οὓτω
2901 2656 3092 2724 ῥητέον
3116 2658 3358 2725 ἀνάγκην
3388 2654 3525 2710 εῖναι
3561 2661 3699 2727 μετά
3726 2660 3834 2711 τῶν
3869 2660 3969 2726 τῆς

2421 2745 2654 2807 πίστεως
2699 2747 2881 2814 ἀρχῶν
2926 2748 3017 2799 καὶ
3069 2747 3221 2799 τοῦτο
3278 2749 3581 2816 ὁμολογεῖν,
3643 2751 3861 2804 Μονάδα
3908 2753 3971 2802 ἑν

2422 2838 2630 2904 Τριάδι,
2663 2840 2756 2890 καὶ
2790 2840 2990 2907 Τριάδα
3036 2843 3094 2892 ὲν
3143 2841 3345 2893 Μονάδι
3399 2842 3680 2895 σέϐεσθαι·
3718 2847 3813 2896 καὶ
3860 2845 3972 2896 δεῖν

2426 2929 2560 2996 μήτε
2610 2929 3023 2997 διαλεγομένους
3074 2932 3172 3000 τὴν
3226 2933 3447 2984 Μονάδα
3494 2932 3581 2985 διὰ
3633 2936 3731 3002 τὴν
3763 2935 3969 3001 Τριάδα

2422 3018 2668 3088 διαιρεῖν,
2709 3022 2844 3089 μήτε
2871 3024 2969 3089 τὴν
3003 3022 3204 3091 Τριάδα
3230 3024 3318 3075 διὰ
3347 3026 3443 3091 τὴν
3472 3026 3691 3077 Μονάδα
3723 3030 3969 3093 συγχεῖν.

773 3112 1072 3165 clarissime
1098 3110 1345 3165 confusio
1370 3119 1647 3178 sequetur.
1679 3109 1732 3164 Si
1762 3111 1954 3164 Filium
1980 3126 2040 3164 ex
2075 3111 2314 3165 substan-

2432 3082 2568 3162 Ἀλλ’
2617 3082 2844 3162 ἐνταῦθα
2892 3082 3146 3179 σῦγχυσις
3172 3082 3485 3181 περιφανῶς
3514 3114 3721 3180 ἕψεται,
3774 3082 3856 3166 ei"
3874 3115 3968 3167 τὸν

775 3204 849 3256 tia
898 3204 1073 3255 Patris
1118 3210 1172 3254 et
1221 3201 1452 3267 Spiritus
1496 3216 1614 3254 esse
1662 3185 1860 3269 aliquis
1901 3201 2130 3264 dixerit;
2178 3212 2321 3255 esset

774 3296 917 3349 enim
945 3291 1178 3361 Spiritus
1202 3291 1380 3352 Pater,
1414 3291 1613 3358 quippe
1643 3290 1809 3343 Filius
1841 3289 1905 3343 ad
1938 3290 2148 3344 Patrem
2189 3291 2322 3344 dici-

776 3395 882 3437 tur.
913 3384 1096 3449 ltaque
1127 3381 1235 3433 duo
1262 3382 1445 3433 Patres
1472 3388 1654 3433 essent
1680 3380 1731 3431 in
1759 3378 2043 3439 Trinitate,
2072 3387 2125 3432 et
2164 3379 2323 3433 Pater

776 3490 882 3528 non
929 3460 1334 3541 esset-proprie
1373 3470 1549 3523 Pater.
1583 3470 1711 3534 Quae
1755 3484 1785 3521 a
1822 3468 1924 3521 ﬁde
1963 3469 2133 3521 aliena
2176 3478 2322 3521 sunt.

778 3564 1096 3632 Quanquam
1148 3576 1258 3615 non
1315 3561 1509 3613 desunt
1556 3558 1659 3611 alia
1713 3556 1962 3617 nomina,
2016 3570 2077 3607 ex
2128 3555 2325 3623 quibus

778 3654 1039 3721 suspicari
1081 3650 1351 3719 quispiam
1404 3649 1629 3702 minime
1678 3654 1879 3715 posset,
1914 3645 2172 3713 Spiritum
2206 3660 2325 3698 esse

780 3745 991 3798 Patrem
1024 3743 1167 3807 Filii,
1210 3742 1376 3794 veluti
1409 3740 1604 3793 Filium
1638 3752 1757 3791 esse
1801 3737 2034 3791 Verbum
2066 3736 2323 3804 Spiritus,

780 3832 1100 3900 potentiam,
1144 3831 1343 3892 vivam,
1388 3838 1443 3881 et
1491 3826 1893 3881 substantialem
1933 3825 2323 3892 operationem,

783 3920 1287 3981 sanetitieationem,
1331 3917 1628 3969 naturalem
1659 3916 1845 3972 vitam,
1880 3929 2075 3975 rosam,
2107 3929 2323 3967 suavem

784 4012 1027 4075 odorem,
1069 4008 1380 4077 imaginem,
1427 3990 1480 4060 et
1531 4003 1857 4075 huiusmodi,
1904 4019 2022 4071 quae
2068 4002 2324 4071 Spiritum

786 4117 902 4155 esse
932 4100 1048 4153 Filii
1085 4115 1114 4153 a
1150 4099 1461 4152 doctoribus
1492 4094 1770 4149 dicuntur.
1807 4094 2325 4169 Neque'secundum

789 4201 901 4247 haec
950 4193 1164 4245 nomina
1214 4189 1380 4243 Filius
1440 4188 1545 4241 dici
1591 4187 1827 4254 Spiritus
1871 4188 2040 4239 sancti
2093 4201 2325 4253 unquam

789 4293 1034 4352 repertus
1079 4291 1182 4335 est.
1226 4279 1338 4333 Hoc
1380 4288 1557 4331 autem
1604 4293 1708 4329 non
1757 4276 1971 4329 aliunde
2019 4279 2328 4345 contingere

2420 3199 2548 3251 Υίδν
2573 3201 2635 3251 ἐκ
2665 3200 2760 3268 τῆς
2794 3201 2980 3262 οὐσίας
3011 3201 3102 3253 τοῦ
3133 3203 3344 3270 Πατρδς
3375 3206 3467 3254 καὶ⁵
3510 3203 3603 3255 τοῦ
3652 3204 3969 3272 Πνεῦματος

2420 3290 2565 3357 λέγει
2594 3308 2676 3353 τις
2705 3285 2842 3343 εἶναι
2871 3306 2885 3320 ’
2928 3291 3013 3359 εἴη
3056 3292 3163 3361 γὰρ
3207 3293 3271 3344 ἂν
3313 3292 3374 3343 τὸ
3422 3292 3642 3360 Πνεῦμα
3684 3294 3912 3363 Πατήρο
3940 3295 3967 3345 ό

2422 3382 2528 3448 γὰρ
2567 3382 2691 3443 Υἱὸς
2730 3384 2863 3448 πρὸς
2905 3384 2996 3434 τὸν
3027 3382 3246 3449 Πατέρα
3275 3382 3526 3449 λέγεται·
3561 3382 3735 3453 ταύτῃ
3770 3401 3856 3435 τοι
3880 3384 3970 3437 δύο

2423 3471 2653 3539 πατέρες
2687 3472 2752 3523 ἂν
2780 3468 2889 3521 εἷεν
2931 3472 2986 3521 ὲν
3029 3473 3095 3539 τῇ
3136 3470 3341 3537 Τριάδι,
3383 3473 3477 3523 καὶ
3504 3472 3531 3522 ό
3561 3474 3749 3539 Πατὴρ
3778 3472 3838 3523 οὐ
3873 3489 3967 3523 κυ·

2425 3560 2552 3631 ρίως
2598 3561 2805 3628 Πατήρ.
2847 3562 2912 3611 Ἀ
2954 3561 3101 3627 παρὰ
3144 3559 3239 3627 τῆς
3282 3559 3515 3621 πίστεως
3544 3560 3965 3633 ἀπηγόρευται.

2426 3653 2612 3704 Καίτοι
2659 3669 2721 3718 γε
2768 3651 3009 3702 ἐστικαὶ
3055 3649 3169 3703 ἄλλ’
3210 3650 3344 3702 ἀττα
3393 3650 3501 3701 τῶν
3555 3651 3853 3720 ὀνομάτων,
3910 3653 3968 3716 ἐξ

2423 3736 2496 3794 ὧν
2543 3742 2642 3793 οὐκ
2686 3742 2748 3795 ἄν
2798 3758 2878 3803 τις
2920 3740 3293 3809 ὑπερνοήσειε,
3323 3740 3382 3792 τὸ
3429 3740 3649 3808 Πνεῦμα
3699 3741 3794 3794 τοῦ
3841 3742 3968 3795 Υίοῦ

2426 3828 2563 3884 είναι
2596 3831 2831 3900 Πατέρα,
2857 3827 2965 3883 οἷον
2999 3831 3088 3882 τὸν
3120 3832 3249 3883 Υἱὸν
3281 3832 3448 3898 Λόγον
3484 3828 3623 3884 εἷναι
3666 3832 3759 3884 τοῦ
3804 3832 3972 3885 Πνεῦ-

2429 3939 2614 3989 ματος,
2675 3920 2919 3988 δύναμιν,
2979 3920 3157 3981 ζῶσαν
3219 3921 3312 3971 καὶ
3364 3920 3594 3989 οὐσιὼδη
3660 3923 3965 3991 ἐνέργειαν,

2428 4010 2723 4077 ἁγιασμὸν,
2768 4007 2999 4078 φυσικὴν
3047 4007 3229 4077 ζωὴν,
3275 4010 3464 4077 ῥόδον,
3525 4009 3721 4072 ἄνθος,
3774 4010 3967 4079 ὀσμὴν,

2428 4101 2631 4161 εἰκόνα,
2667 4101 2762 4151 καὶ
2811 4101 2875 4152 τὰ
2930 4098 3149 4151 τοιαῦτα
3201 4100 3298 4151 ὅσα
3344 4099 3436 4150 τοῦ
3485 4098 3613 4151 Υίοῦ
3644 4100 3705 4151 τὸ
3751 4099 3969 4166 Πνεῦμα

2426 4186 2563 4242 εἶναι
2620 4191 2765 4257 παρά
2824 4191 2933 4251 τοῖς
2984 4189 3319 4250 διδασκάλοις
3373 4189 3605 4257 λέγεται.
3646 4190 3779 4243 Οὐδὲ
3828 4192 3968 4243 κατά

2427 4280 2595 4333 ταῦτα
2624 4281 2729 4331 τῶν
2780 4282 3054 4348 ὀνομάτων
3097 4284 3124 4332 ό
3176 4281 3299 4343 Υίδς
3346 4279 3451 4333 τοῦ·
3477 4282 3790 4350 Πνεῦματος
3823 4284 3969 4348 λεγό-

789 4382 977 4440 potest,
1011 4386 1172 4440 quam
1216 4385 1285 4443 ex,
1316 4369 1431 4437 ipso
1462 4367 1674 4428 ordine,
1696 4352 1763 4419 ἐι
1800 4377 2052 4435 pra-terea
2084 4381 2314 4421 necessa-

2435 4388 2589 4439 μενος
2615 4370 2838 4440 εὕρηται
2866 4372 3121 4450 ππώποτε.
3144 4358 3321 4423 Τοῦτο
3352 4371 3397 4423 δ’
3434 4372 3535 4424 οὐκ
3574 4372 3641 4423 ἂν
3682 4372 3856 4434 ἄλλως
3880 4373 3969 4441 εῐη

796 4465 933 4515 rium
974 4470 1054 4514 est
1096 4474 1243 4523 eum,
1270 4458 1360 4525 qui
1397 4455 1484 4509 illa
1523 4458 1853 4524 opposuerit,
1890 4470 1992 4509 non
2028 4466 2232 4510 tantum
2273 4458 2328 4510 in

798 4555 908 4606 haee
937 4552 1236 4612 incurrere,
1260 4546 1353 4601 sed
1378 4546 1537 4600 etiam
1561 4545 1803 4598 ordinem
1828 4546 1880 4598 in
1909 4545 2167 4599 Trinitate
2194 4546 2332 4617 inter

797 4663 852 4699 se
876 4646 1179 4708 divinarum
1206 4654 1555 4711 personarum
1580 4639 1840 4707 contingit
1862 4638 2146 4691 invertere.
2166 4638 2332 4692 Filius

794 4739 936 4790 enim
965 4734 1138 4787 Patris
1164 4747 1281 4787 esse
1320 4732 1538 4792 dicitur,
1572 4730 1805 4798 Spiritus
1836 4744 1964 4783 vero
1995 4729 2132 4790 Filii,
2162 4738 2215 4781 et
2247 4729 2332 4782 hic

797 4825 1013 4898 quidem
1043 4825 1187 4876 solus
1220 4836 1283 4873 ex
1311 4820 1423 4873 solo
1451 4820 1755 4887 unigenitus
1777 4819 1992 4880 dicitur,
2011 4828 2168 4885 atque
2197 4818 2331 4870 huc-

801 4928 967 4979 uSque
1022 4920 1102 4962 est
1150 4909 1247 4977 ipsi
1292 4909 1608 4975 proprietas,
1640 4906 1781 4975 quod
1820 4915 2048 4959 estesse
2078 4919 2141 4957 ex
2179 4906 2332 4958 Patre

798 5002 1125 5064 immediate,
1152 5010 1205 5052 et
1236 4999 1377 5067 quod
1407 4997 1692 5066 appellatio
1718 4996 1859 5061 Filii,
1882 5011 1999 5050 esse
2030 4994 2331 5048 immediate

797 5109 860 5145 cx
898 5106 1051 5144 causa
1097 5088 1381 5155 signiﬁcat,
1425 5086 1717 5140 secundum
1771 5087 1954 5138 divum
1996 5085 2331 5138 Anastasium

800 5182 853 5233 in
889 5196 982 5233 sua
1016 5176 1314 5245 dogniatica
1348 5176 1608 5237 oratione,
1655 5182 1710 5225 ut
1753 5173 2169 5241 procedentibus
2199 5188 2332 5226 con-

800 5270 997 5322 stabit:
1030 5266 1289 5333 Spiritum
1325 5278 1451 5317 vero
1486 5272 1723 5315 sanetum
1760 5262 1945 5314 ordine
1977 5262 2189 5313 tertium
2217 5277 2332 5314 esse

799 5377 826 5412 a
882 5360 1036 5412 Patre
1089 5356 1357 5408 communi
1406 5368 1669 5406 consensu
1733 5370 1757 5404 τι
1809 5352 2007 5406 sanctis
2060 5344 2335 5419 receptum

799 5458 901 5511 est,
924 5462 1028 5498 non
1052 5456 1229 5498 tamen
1258 5456 1445 5498 natura
1477 5446 1689 5498 tertium
1716 5461 1727 5495 :
1756 5453 1807 5495 et
1835 5459 1953 5497 eum
1980 5444 2067 5509 qui
2092 5442 2330 5495 ordinem

801 5539 884 5588 vel
921 5537 1181 5589 tantulum
1217 5535 1430 5603 quidem
1476 5542 1785 5595 commutat,
1833 5533 2177 5585 inliciatorem
2218 5546 2333 5583 esse

802 5626 945 5690 ﬁdei,
972 5642 1031 5679 ac
1061 5625 1293 5695 Spiritus
1316 5625 1640 5678 exsistentize
1671 5624 2078 5681 destructorem,
2114 5636 2333 5690 magnus

2433 4462 2720 4530 συμϐαῖνον
2754 4461 2785 4529 ἢ
2813 4461 2897 4513 διὰ
2936 4461 3031 4530 τὴν
3054 4461 3204 4524 τάξιν
3254 4462 3443 4532 αὐτήν.
3474 4464 3586 4514 Καὶ
3621 4464 3727 4531 μὴν
3756 4465 3818 4515 οὐ
3853 4465 3971 4517 τού-

2428 4565 2539 4609 τοις
2581 4548 2737 4614 μόνον
2779 4548 3124 4615 περιπίπτειν
3173 4551 3383 4615 ἀνάγκη
3418 4550 3509 4601 τὸν
3556 4554 3737 4601 ἐκεῖνα
3772 4553 3968 4605 ἀντιτι-

2432 4636 2611 4699 θέντα,
2638 4635 2769 4687 ἀλλά
2796 4636 2887 4687 καὶ
2913 4635 3009 4702 τὴν
3033 4637 3087 4685 ὲν
3115 4636 3298 4702 Τριάδι
3336 4636 3445 4688 τῶν
3470 4638 3625 4690 θείων
3666 4640 3971 4707 προσώπων

2432 4720 2562 4789 πρὸς
2590 4719 2791 4789 ἄλληλα
2845 4720 2999 4784 τάξιν
3040 4724 3390 4789 περιτρέπειν
3429 4724 3740 4793 ωμὸαίνει.
3782 4729 3838 4779 Ὀ
3870 4728 3972 4795 μὲν

2432 4810 2538 4877 γὰρ
2574 4807 2695 4870 Υἱὸς
2748 4808 2841 4861 τοῦ
2889 4808 3096 4875 Πατρὸς
3126 4804 3262 4859 εἶναι
3311 4809 3548 4876 λέγεται,
3579 4811 3641 4864 τδ
3668 4814 3724 4865 δὲ
3751 4812 3971 4882 Πνεῦμα

2431 4896 2523 4947 τοῦ
2569 4895 2695 4947 Υίοῦ
2726 4910 2738 4923 ⁸
2788 4896 2880 4946 καὶ
2932 4897 2958 4945 ὁ
3006 4896 3103 4963 μὲν
3161 4897 3315 4963 μόνος
3375 4898 3437 4949 ὲκ
3486 4899 3645 4966 μόνου
3679 4900 3971 4968 μονογενὴς

2432 4988 2666 5055 λέγεται,
2703 4987 2795 5038 καὶ
2842 4988 3005 5056 μέχρι
3052 4989 3236 5040 τούτου
3286 4970 3432 5040 ἐστὶν
3471 4989 3619 5057 αὐτῷ
3664 4990 3724 5041 τὸ
3758 4990 3967 5057 ἰδίωμα,

2439 5082 2465 5133 ὅ
2496 5082 2637 5130 ἐστιν
2688 5081 2748 5130 ὲκ
2781 5080 2872 5129 τοῦ
2914 5080 3119 5145 Πατρὸς
3152 5080 3367 5145 ἀμέσως
3391 5094 3405 5109 ·
3438 5081 3529 5130 καὶ
3554 5080 3632 5131 ὅτι
3662 5062 3809 5146 ὴτοῦ
3840 5081 3968 5132 Υίοῦ

2434 5167 2716 5233 ἐπίκλησις
2743 5168 2799 5219 τὸ
2833 5169 3047 5233 ἀμέσως
3076 5171 3137 5219 ἐκ
3166 5168 3257 5219 τοῦ
3294 5168 3469 5219 αἰτίου
3502 5169 3649 5237 δηλοῖ
3700 5176 3831 5223 κατά
3874 5174 3967 5229 τὸν

2435 5259 2573 5309 θεῖον
2623 5259 2967 5311 Ἀναστάσιον
3010 5262 3067 5309 ὲν
3109 5260 3185 5327 τῷ
3229 5260 3542 5327 δογματικῷ
3588 5261 3751 5313 αὐτοῦ
3804 5260 3963 5329 λόγῳ,
3998 5308 4001 5309 ,

2432 5350 2505 5409 ὡς
2540 5349 2784 5415 προϊοῦσι
2821 5350 3115 5415 φανήσεται
3138 5363 3150 5375 °
3182 5349 3240 5399 τὸ
3271 5349 3324 5398 δὲ
3367 5349 3591 5418 Πνεῦμα
3636 5349 3694 5399 τὸ
3723 5348 3865 5414 ἅγιον
3895 5354 3962 5420 τῇ

2433 5440 2581 5501 τάξει
2644 5439 2819 5506 τρίτον
2878 5439 2979 5490 ἀπὸ
3046 5438 3135 5488 τοῦ
3188 5438 3396 5505 Ιῐατρὸς
3453 5439 3793 5507 ὡμολόγηται
3845 5443 3963 5498 τοῖς

2437 5531 2631 5593 ἀγξοες,
2676 5530 2734 5579 οὐ
2787 5529 2891 5595 μὴν
2932 5530 2996 5596 τῇ
3026 5529 3179 5594 φύσει
3216 5530 3393 5596 τρίτον
3418 5545 3429 5557 '
3457 5531 3550 5582 καὶ
3577 5531 3666 5581 τὸν
3696 5530 3785 5598 τὴν
3814 5530 3964 5592 τάξιν

2438 5619 2794 5689 μετατιθέντα
2854 5619 2945 5671 καὶ
2994 5620 3235 5669 ὁπωσοῦν
3287 5619 3525 5686 ἀρνητὴν
3566 5620 3660 5688 τῆς
3712 5622 3960 5681 πίστεως,
