4126 6322
152 534 246 593 ΟῘ3

1051 543 1142 601 DE
1187 539 1696 602 PRCCESSIONE
1735 541 2086 606 SPIRITUS
2127 547 2417 608 SANCTI.

3219 541 3321 602 Qii

148 644 232 692 καὶ
289 642 381 709 τῆς
427 644 516 696 τοῦ
586 647 893 714 Πνεύματος
951 651 1226 720 ὑπάρξεως
1275 652 1604 722 καθαιρέτην
1653 654 1713 709 ὁ.

1798 653 2009 709 3asilius
2057 658 2108 710 in
2154 659 2383 726 epistola
2447 657 2511 709 ad
2559 657 2845 709 canonicas
2896 653 3139 713 amrmat.
3189 653 3318 705 item

148 731 315 797 μέγας
359 731 631 796 Βασίλειος
677 738 735 788 ἐν
777 739 1027 807 ἐπιστολῇ
1058 745 1120 810 τῇ
1161 742 1298 810 προς
1331 745 1428 804 τας
1459 760 1676 796 κανονι-

145 823 232 880 κάξ
265 821 556 889 διορίζεται
583 841 597 858 ο
641 827 731 878 καὶ
759 829 821 896 ἢν
848 830 995 892 τάξιν
1039 832 1148 898 ἔχει
1181 835 1208 884 6
1249 832 1374 893 Υἱὸς
1415 834 1549 901 πρὸς
1587 835 1678 886 τὸν

145 908 379 978 Πατέρα,
407 912 502 980 τὴν
536 914 702 982 αὐτὴν
735 917 867 983 πρὸς
893 921 983 971 τὸν
1028 921 1149 973 Υίὸν
1182 922 1293 991 ἔχει
1323 923 1381 975 τὸ
1420 923 1674 993 Πνεῦμα·

143 999 229 1046 καὶ
287 1000 313 1049 6
361 1001 456 1066 μὲν
503 1002 629 1064 Ti6;
680 1004 772 1056 τοῦ
822 1007 1031 1075 Πατρὸς
1085 1012 1332 1079 ἐνέργεια
1380 1011 1531 1073 ζῶσα
1586 1016 1680 1066 καὶ

144 1087 403 1156 οὖσιώδης
461 1096 553 1143 καὶ
603 1095 994 1162 ὲνυπόστατος,
1054 1099 1146 1151 τοῦ
1207 1103 1262 1155 δὲ
1323 1103 1448 1156 Υίοῦ
1506 1105 1682 1159 ταῦτα

147 1177 320 1229 πάντα
367 1179 426 1231 τὸ
469 1183 691 1251 Πνεῦμα
711 1201 724 1216 ⁸
758 1189 852 1242 καὶ
881 1191 909 1241 6
946 1189 1045 1256 μὲν
1077 1193 1263 1262 Πατὴρ
1292 1195 1377 1246 διὰ
1409 1197 1501 1248 τοῦ
1548 1198 1678 1249 Υἱοῦ

145 1266 376 1355 ενεργεῖ,
403 1272 429 1320 ὁ
468 1271 524 1322 δὲ
568 1272 690 1335 Υἰδς
737 1275 823 1329 διὰ
869 1278 962 1330 τοῦ
1016 1280 1361 1348 Πνεῦματος·
1396 1285 1490 1338 καὶ
1524 1289 1550 1338 6
1584 1288 1682 1355 μὲν

145 1354 266 1416 Υἱὸς
295 1359 354 1409 ἐκ
379 1357 471 1409 τοῦ
502 1360 710 1430 Πατρὸς
740 1363 1023 1434 λαμϐάνει,
1058 1369 1115 1420 :6
1140 1370 1194 1422 δὲ
1231 1373 1451 1442 Πνεῦμα
1482 1376 1548 1427 ὲκ
1587 1354 1681 1428 τοῦ

147 1445 294 1498 Tia-3.
337 1465 353 1496 ι
397 1447 491 1500 Ἐκ
531 1450 625 1503 τοῦ
665 1455 800 1522 ἐμοῦ
843 1457 971 1525 γὰρ,
1015 1462 1165 1527 φησι,
1197 1461 1447 1530 λήψεται,
1487 1484 1504 1515 ι
1543 1467 1683 1518 κατὰ

144 1534 228 1588 τὸν
268 1537 436 1603 μέγαν
469 1540 812 1622 Ἀ-θανάσιον·
845 1549 938 1600 καὶ
980 1551 1350 1619 παραιτοῦμαι
1391 1557 1457 1608 τὰ
1493 1557 1679 1622 πλείω,

147 1624 332 1714 ἴνα-μὴ
363 1629 478 1681 καθ’
513 1618 736 1686 ’ἕκαστον
780 1637 1027 1706 ἀριθμῶν
1062 1618 1333 1710 διατρίϐω
1362 1661 1374 1676 ⁶
1415 1647 1550 1713 πρὸς
1575 1618 1683 1714 γὰρ

146 1710 349 1774 εἰδότας
372 1715 538 1769 ταῦτα
565 1719 796 1787 λέγεται.
826 1725 913 1776 Διὸ
933 1726 996 1796 δὴ
1027 1727 1196 1782 ταῦτα
1230 1733 1323 1784 καὶ
1348 1734 1442 1804 τὴν
1459 1710 1685 1790 ἀἰώνιον

149 1798 376 1895 bac-19591
407 1806 532 1859 Υίοῦ
559 1812 649 1861 καὶ
681 1811 991 1881 Πνεύματος
1023 1820 1079 1870 ὲν
1108 1824 1217 1882 τοῖς
1259 1798 1686 1895 Ἀντινρρητικοζς

147 1890 414 1984 ὀιβόσσης
461 1901 803 1968 παραδιδοὺς,
845 1924 863 1956 ι
898 1908 969 1959 T6
1004 1908 1103 1977 μὲν
1155 1912 1281 1981 γὰρ,
1311 1890 1461 1978 φησὶ,
1490 1890 1687 1984 προσεε

149 1978 253 2045 χῶς
285 1983 349 2034 ὲκ
388 1984 479 2037 τοῦ
526 1990 764 2056 πρώτου,
790 1994 817 2044 6
850 1993 975 2058 Υίὸς
1008 1978 1265 2062 δηλονότι,
1291 1999 1349 2051 τὸ
1393 2001 1448 2053 δὲ
1481 1978 1567 2057 διά
1596 2007 1688 2059 τοῦ
1721 1981 1760 2034 Β

153 2071 429 2160 προσεχῶς
469 2075 530 2128 ὲκ
572 2077 666 2130 τοῦ
703 2081 916 2150 πρώτου
944 2097 958 2112 ⁸
996 2102 1014 2135 ι
1050 2083 1236 2153 ῶσπερ
1283 2088 1346 2141 ἂν
1385 2095 1432 2144 εί
1484 2093 1690 2160 ἔλεγεν,

159 2155 214 2208 '0
244 2159 342 2227 μὲν
373 2162 498 2226 Υίὺς
548 2167 611 2220 ἐκ
640 2169 732 2220 τοῦ
766 2172 973 2240 Πατρὸς
1003 2173 1100 2244 τὴν
1132 2175 1361 2246 ὕπαρξιν
1385 2180 1493 2248 ἔχει
1524 2155 1689 2248 προσέ

150 2251 286 2317 εχῶς
329 2255 422 2304 καὶ
476 2255 730 2323 ἀμέσωςο
791 2262 851 2312 τὸ
902 2263 956 2316 δὲ
1012 2265 1230 2334 Πνεῦμα
1288 2269 1374 2321 διὰ
1418 2271 1508 2322 τοῦ
1565 2272 1693 2325 Υίοῦ

151 2341 244 2410 τὴν
297 2341 524 2412 ὓπαρξιν
571 2347 702 2418 ἔχει,
733 2351 828 2404 τοῦ
886 2360 1225 2423 γεννωμένου
1260 2361 1322 2411 ὲκ
1359 2360 1450 2412 τοῦ
1487 2365 1694 2431 Πατρὸς

152 2434 428 2501 προσεχῶς
493 2439 586 2489 καὶ
643 2439 886 2509 ἀμέσως.
951 2447 1062 2498 Καὶ
1123 2449 1250 2515 περὶ
1312 2450 1410 2515 τῆς
1475 2451 1692 2503 αἰωνίου

153 2521 434 2590 ὑπάρξεως
470 2518 648 2580 αὐτῶν
683 2531 710 2580 6
742 2529 896 2598 λόγος
926 2533 1071 2587 ἐστὶν
1112 2535 1278 2603 αὐτῷ.
1316 2536 1477 2588 Ὅθεν
1504 2539 1565 2608 δὴ
1599 2541 1694 2591 καὶ

153 2610 458 2676 ἀκολούθως
507 2615 566 2667 τὸ
600 2617 823 2687 Πνεῦμα
850 2621 914 2672 τὸ
937 2620 1092 2688 ἀγιον
1137 2625 1200 2674 ὲκ
1246 2622 1338 2676 τοῦ
1373 2627 1580 2696 Πατρὺς
1608 2630 1697 2684 διὰ

153 2700 242 2753 τοῦ
289 2702 433 2756 Υἱοῦ-
460 2705 856 2775 ἐκπορεύεσθαι
905 2713 1293 2781 παραδιδόασι,
1330 2715 1427 2784 τὴν
1470 2717 1697 2788 ὕπαρξιν

155 2789 318 2844 αὐτοῦ
350 2793 657 2864 βουλόμενοι
696 2796 913 2866 δηλοῦν,
951 2800 1045 2872 καὶ
1088 2801 1148 2853 τὺ
1194 2803 1517 2872 ὲκπορευτὸν
1546 2809 1697 2861 οὐδὲν

154 2880 338 2949 ἕτερον
383 2883 414 2953 ἢ
455 2883 600 2938 τοῦτ’
647 2881 821 2950 εἶναι,
883 2893 977 2944 καὶ
1029 2891 1115 2944 διὰ
1163 2893 1256 2945 τοῦ
1313 2896 1551 2950 τοιούτου
1601 2898 1698 2967 τὴν

156 2971 363 3024 ἑαυτῶν
408 2973 690 3042 ὑφαίνουσι
747 2977 1026 3046 θεολογίαν
1069 2982 1116 3032 oi
1165 2981 1270 3034 ἀπὸ
1326 2984 1422 3052 τῆς
1478 2986 1698 3056 πρώτης

157 3061 316 3130 μέχρι
351 3063 452 3138 τῆς
489 3065 720 3136 ἑϐδόμης
759 3069 980 3122 συνόδου
1004 3074 1319 3141 περιφανεῖς
1341 3073 1437 3142 τῆς
1473 3075 1701 3147 Ἐκκλη-

157 3150 272 3211 σίας
316 3152 625 3208 διδάσκαλοι
675 3158 979 3224 γεγονότες.
1009 3159 1068 3212 '0
1121 3162 1296 3215 τοίνυν
1347 3165 1439 3217 τὸν
1464 3167 1590 3221 Υίὸν
1636 3173 1699 3222 ὲκ

1782 761 1940 814 quem
1984 748 2226 803 ordinem
2271 749 2432 802 habet
2481 747 2648 801 Filius
2697 746 2760 799 ad
2810 747 3042 807 Patrem,
3077 746 3321 796 eumdem

1784 838 1946 890 habet
1975 838 2206 906 Spiritus
2234 840 2296 893 ad
2337 839 2566 902 Filium;
2603 846 2655 891 et
2697 837 2865 890 Filius
2901 836 3116 905 quidem
3153 833 3323 887 Patris
3359 865 3363 872 ι

1785 925 2026 992 operatio
2067 926 2185 978 viva
2231 937 2337 988 est,
2374 940 2435 978 ac
2483 924 2875 986 substantialis,
2910 934 2964 976 et
2999 923 3322 977 subsistens.

1785 1013 1903 1067 Filii
1935 1024 2112 1069 autem
2147 1016 2261 1069 haec
2292 1015 2468 1068 omnia
2519 1014 2752 1084 Spiritus
2795 1022 2903 1078 est;
2942 1025 2994 1067 et
3024 1012 3181 1066 Pater
3207 1011 3328 1079 qui-

1785 1104 1907 1158 dem
1949 1119 2046 1173 per
2076 1105 2268 1158 Filium
2309 1113 2582 1173 operatur,
2616 1104 2781 1156 Filius
2814 1111 2991 1155 autem
3025 1117 3122 1169 per
3162 1100 3331 1168 Spiri-

1787 1202 1921 1248 tum.
1951 1194 2016 1247 Et
2049 1194 2215 1248 Filius
2255 1195 2470 1263 quidem
2517 1210 2582 1247 ex
2624 1194 2782 1247 Patre
2834 1192 3059 1259 accipit;
3095 1189 3331 1258 Spiritus

1788 1294 1966 1336 autem
1988 1298 2053 1336 ex
2080 1283 2213 1335 Filio
2237 1294 2266 1334 τ’
2291 1301 2308 1332 ι
2343 1283 2417 1335 De
2448 1297 2568 1335 meo
2597 1283 2766 1341 enim,
2797 1279 2991 1349 inquit,
3021 1277 3268 1346 accipiet,
3305 1296 3322 1325 ι

1785 1372 1935 1440 juxta
1982 1388 2229 1442 magnum
2289 1371 2659 1426 Athanasium.
2717 1372 2784 1424 Et
2850 1372 3107 1438 pleraque
3169 1369 3333 1421 missa

1788 1460 1949 1526 facio,
1995 1477 2064 1516 ne
2111 1463 2316 1531 singula
2366 1475 2689 1516 enumerans
2747 1475 2956 1523 morer;
3013 1463 3212 1526 quippe
3265 1458 3331 1510 ad

1788 1551 1993 1621 peritos
2035 1551 2149 1605 haec
2189 1551 2462 1605 dicuntur.
2494 1551 2832 1619 Quapropter
2874 1549 3038 1604 etiam
3074 1559 3331 1603 :eternam

1789 1640 2153 1694 exsistentiam
2183 1640 2326 1704 Filii,
2352 1651 2407 1696 et
2439 1640 2674 1710 Spiritus
2699 1641 2751 1698 in
2781 1639 3154 1694 coniutatoriis
3180 1638 3334 1690 libris

1789 1728 2059 1800 Nyssenus
2085 1733 2298 1786 tradens
2328 1731 2439 1800 (4):
2481 1751 2498 1783 ι
2535 1732 2749 1786 Etenim
2781 1745 2944 1784 unum
2978 1728 3218 1797 quidem,
3251 1728 3336 1779 in-

1790 1818 1928 1886 quit,
1953 1820 2257 1873 immediate
2289 1835 2352 1874 ex
2383 1822 2578 1888 primo,
2603 1821 2856 1873 nimirum
2883 1819 3080 1878 Filius;
3105 1818 3333 1870 alterum

1793 1924 1920 1962 vero
1952 1925 2047 1978 per
2079 1909 2131 1962 id
2180 1909 2322 1977 quod
2361 1909 2670 1964 immediate
2697 1917 2780 1962 est
2822 1923 2888 1962 ex
2932 1906 3128 1974 primo,
3165 1924 3183 1956 ›
3221 1916 3336 1958 tau-

1791 2013 1949 2065 quam
1976 1998 2020 2052 si
2053 1998 2290 2051 diceret:
2329 1997 2504 2056 Filius,
2524 1997 2738 2065 quidem
2768 1995 3135 2049 exsistenliam
3173 1994 3344 2048 habet

1792 2092 2132 2144 continenter
2171 2106 2235 2144 ex
2293 2091 2472 2155 Patre,
2525 2100 2685 2158 atque
2734 2089 3060 2150 immediate,
3100 2088 3336 2156 Spiritus

1792 2187 1971 2232 autem
2006 2194 2100 2246 per
2124 2179 2320 2232 Filium
2364 2179 2735 2233 exsistentiam
2773 2179 2954 2240 baber,
2993 2179 3083 2247 qui
3119 2180 3334 2247 genitus

1793 2277 1874 2322 est
1903 2284 1967 2322 ex
2012 2269 2172 2322 Patre
2205 2269 2547 2323 continenter
2580 2277 2740 2336 atque
2786 2267 3118 2322 immediate.
3157 2267 3336 2334 Deque

1794 2368 1992 2423 retenta
2038 2359 2278 2426 ipsorum
2327 2359 2639 2412 exsistentia
2691 2367 2773 2412 est
2820 2359 2893 2411 illi
2940 2372 3136 2411 sermo.
3182 2357 3336 2410 [inde

1795 2464 1922 2502 sane
1949 2459 2343 2517 consequenter
2368 2449 2628 2517 Spiritum
2669 2457 2912 2503 sanctum
2958 2463 3022 2501 ex
3057 2449 3214 2500 Patre
3238 2463 3337 2515 per

1795 2540 1987 2593 Filium
2033 2539 2320 2608 procedere
2365 2540 2729 2604 tradiderunt,
2759 2526 3127 2594 exsistentiam
3168 2539 3338 2605 ipsine

1795 2631 2038 2684 volentes
2065 2631 2388 2700 signiﬁcare,
2418 2641 2474 2684 et
2519 2629 2648 2684 illud
2678 2630 2974 2698 procedere
3017 2629 3152 2681 nihil
3192 2629 3336 2681 aliud

1796 2735 1914 2774 esse
1949 2735 2107 2787 quam
2138 2721 2262 2785 hoc,
2289 2729 2448 2790 atque
2475 2736 2570 2788 per
2598 2722 2699 2774 hoc
2723 2736 2872 2775 suam
2901 2727 3089 2774 texunt
3117 2728 3171 2772 et
3197 2720 3340 2772 ordi-

1799 2821 1964 2886 untur
1995 2811 2340 2880 theologiam,
2372 2812 2469 2881 qui
2499 2827 2528 2864 a
2559 2812 2731 2879 prima
2763 2824 2932 2879 usque
2963 2811 3029 2864 ad
3055 2811 3337 2879 septimam

1798 2903 2060 2972 synodum
2120 2903 2358 2958 illustres
2401 2900 2656 2958 Ecc‘iesiae
2700 2904 2950 2957 doctores
2995 2904 3340 2956 exstiterunt.

1798 2993 1901 3058 Qui
1932 2994 2094 3063 igitur
2131 2993 2323 3047 Filium
2365 3009 2429 3048 ex
2456 2993 2756 3049 substantia
2797 2992 2972 3046 Patris
3014 3002 3065 3046 et
3110 2991 3344 3060 Spiritus

1801 3085 1949 3152 sequi
1989 3087 2294 3143 necessario
2324 3084 2514 3152 infert,
2541 3084 2654 3136 haec
2683 3071 2882 3147 omnia,
2913 3092 3172 3150 quantum
3207 3083 3258 3135 in
3287 3098 3343 3135 se

1799 3181 1900 3244 est,
1934 3171 2093 3224 tollit.
2139 3171 2250 3242 Hoc
2284 3170 2428 3223 enim
2469 3171 2746 3238 supposito
2797 3168 3128 3239 contrarium
3160 3165 3347 3237 potius

154 3240 248 3336 τῆς
271 3242 456 3306 οὐσίας
486 3245 577 3297 τοῦ
599 3248 807 3317 Πατρδς
824 3251 915 3302 καὶ
940 3250 1032 3302 τοῦ
1056 3252 1365 3321 Πνεύματος
1389 3258 1698 3324 ἀναγκαίως

1801 3240 2086 3330 contingit.
2118 3240 2291 3314 Filius
2324 3258 2543 3327 quidem
2581 3257 2818 3326 Spiritus
2852 3257 3022 3311 sancti
3055 3271 3173 3310 esse
3205 3257 3348 3310 dice—
3405 3305 3407 3307 ,

154 3329 383 3386 ἕπεσθαι
430 3336 650 3403 ἐπάγων
697 3339 870 3391 πάντα
909 3340 1064 3392 ταῦθ’
1107 3345 1228 3396 ὅσον
1265 3346 1323 3397 τὸ
1369 3346 1490 3398 καθ’
1542 3348 1700 3402 αὑτὸν

157 3424 390 3494 ἀναιρεῖ.
425 3428 627 3479 Τούτου
679 3430 785 3498 γὰρ
831 3431 1185 3500 ὑποκειμένου
1223 3438 1531 3492 τούναντίον
1570 3443 1702 3508 μᾶλ-

154 3511 243 3562 λον
282 3513 348 3564 ἂν
378 3514 679 3581 συμῦαίνοι.
721 3516 779 3568 Ὀ
807 3517 901 3585 μὲν
922 3519 1044 3580 Υίὸς
1077 3519 1168 3572 τοῦ
1206 3521 1519 3591 Πνεύματος
1564 3521 1701 3578 εἶναι

154 3602 348 3670 λέγοιτ’
381 3600 466 3666 ἂν,
513 3607 605 3658 καὶ
643 3607 702 3659 οὑ
753 3609 910 3675 μόνος
949 3612 1011 3662 ἐκ
1040 3611 1360 3678 μόνου,οὺδὲ
1389 3617 1699 3685 μονογενὴς,

156 3692 273 3744 οὐδὲ
297 3695 361 3761 τῇ
397 3692 545 3756 τάξει
573 3693 823 3764 δεύτερος
853 3696 959 3750 ἀπὸ
991 3697 1083 3750 τοῦ
1129 3698 1360 3769 Πατρδς,
1410 3700 1544 3754 ἀλλὰ
1581 3703 1702 3772 τρί-

155 3798 244 3844 τος
265 3798 279 3812 ’
307 3782 368 3834 τὸ
395 3783 449 3835 δὲ
484 3783 702 3852 Πνεῦμα
729 3786 980 3854 δεύτερον
1002 3787 1095 3839 ἀπ’
1117 3789 1359 3854 ἐκείνου,
1384 3791 1477 3842 καὶ
1509 3791 1572 3844 ὲκ
1609 3793 1702 3844 τοῦ

159 3875 370 3944 Πατρὺς
399 3875 485 3927 δια
526 3864 616 3928 τοῦ
669 3877 982 3946 Πνεύματος
1025 3879 1332 3946 γεννᾶσθαι.
1363 3883 1469 3934 Καὶ
1516 3884 1704 3935 σιωπῶ

155 3966 325 4018 τᾶλλα
367 3967 475 4018 τῶν
515 3965 792 4037 ὀνομάτων
825 3969 947 4021 καθ’
976 3969 1074 4021 ὅσα
1101 3970 1165 4022 ἂν
1189 3973 1215 4022 6
1245 3972 1373 4032 Υἱὸς
1400 3973 1491 4025 καὶ
1532 3973 1703 4040 Λόγος

159 4055 294 4125 πρὸς
323 4055 382 4108 τὸ
415 4057 636 4125 Πνεῦμα
672 4058 888 4126 ἐλέγετο
915 4075 928 4090 ·
961 4059 1082 4112 καθ’
1119 4059 1154 4114 ἃ
1191 4061 1388 4130 μᾶλλον
1438 4061 1572 4132 πρὸς
1615 4064 1706 4116 τὸν

157 4147 288 4200 Υἱὸν
318 4148 377 4200 τὸ
417 4148 637 4217 Πνεῦμα
666 4150 1016 4221 ἀναφέρεται.
1047 4151 1208 4206 Ἀλλά
1237 4153 1430 4216 ταῦτα,
1450 4153 1708 4222 σύγχυσιν

155 4240 262 4291 τῶν
316 4239 618 4309 ἰδιωμάτων
667 4243 982 4311 περιφανῶς
1030 4243 1273 4310 ετσάγει,
1313 4244 1409 4298 καὶ
1454 4245 1554 4311 τὴν
1604 4247 1708 4312 τῆς

159 4329 392 4398 Τριάδος
440 4331 693 4401 ἀκίνητον
734 4333 1019 4402 μεθίστησι
1060 4335 1229 4399 τάξιν.
1265 4335 1380 4388 ἰνα
1416 4336 1595 4387 τοίνυν
1634 4337 1708 4406 μὴ

156 4420 319 4474 τοῦτο
353 4417 647 4495 συμϐαίνῃ,
677 4424 706 4476 6
742 4424 867 4487 Υἰδς
908 4425 1001 4479 τοῦ
1030 4425 1366 4495 Πνεύματος,
1400 4428 1494 4479 καὶ
1532 4427 1710 4481 πάντα

157 4511 222 4581 δὴ
258 4512 402 4580 λέγω
446 4514 581 4568 τάπὶ
637 4514 868 4578 τούτοις,
904 4515 1028 4567 οὔτε
1077 4515 1245 4578 ἐστιν,
1295 4516 1416 4569 οὔτε
1467 4517 1707 4584 λέγεται,

1802 3359 1975 3414 retur,
2021 3366 2082 3405 ac
2127 3365 2233 3403 non
2281 3351 2429 3404 solus
2476 3364 2541 3402 ex
2588 3349 2702 3402 solo
2743 3362 2846 3402 nec
2894 3347 3221 3414 unigenitus,
3249 3361 3349 3398 nec

1802 3437 1989 3492 ordine
2021 3438 2291 3492 secundus
2321 3453 2348 3490 a
2384 3437 2562 3498 Patre,
2592 3434 2685 3487 sed
2729 3435 2940 3487 tertius.
2975 3433 3208 3499 Spiritus
3248 3448 3346 3484 au-

1804 3539 1907 3580 tem
1939 3525 2208 3580 secundus
2257 3525 2325 3580 ab
2371 3525 2458 3577 illo
2502 3523 2703 3593 (Patre)
2745 3531 2904 3588 atque
2943 3535 3006 3573 ex
3047 3519 3204 3573 Patre
3253 3535 3348 3586 per

1805 3618 2065 3688 Spiritum
2095 3615 2365 3686 generari,
2393 3623 2449 3668 et
2483 3614 2699 3668 silentio
2729 3627 2914 3680 premo
2941 3611 3141 3679 reliqua
3175 3611 3350 3663 nomi-

1804 3722 1892 3769 na,
1921 3705 2117 3774 quibus
2163 3703 2330 3757 Filius
2374 3711 2428 3755 et
2480 3700 2711 3754 Verbum
2747 3699 2812 3752 ad
2849 3699 3112 3767 Spiritum
3163 3698 3350 3765 utique

1803 3783 2112 3849 diceretur:
2147 3793 2347 3862 quibus
2376 3793 2556 3860 potius
2587 3790 2825 3859 Spiritus
2857 3791 2921 3842 ad
2953 3789 3146 3842 Filium
3179 3787 3351 3842 rel‘er-
3439 3801 3442 3805 ‘

1806 3897 1912 3941 tur.
1945 3886 2047 3941 Sed
2081 3885 2195 3939 hac
2228 3883 2602 3938 confusionem
2640 3881 3031 3949 proprietatum
3063 3881 3350 3946 perspicue

1806 3978 2101 4037 inducunt,
2155 3984 2315 4044 atque
2368 3967 2648 4026 Trinitatis
2706 3970 3094 4024 immutabilem
3143 3978 3353 4021 mutant

1805 4069 2068 4124 ordinem.
2098 4069 2175 4121 Ne
2212 4068 2373 4135 igitur
2405 4065 2458 4118 id
2489 4062 2726 4124 eveniat,
2768 4061 2935 4115 Filius
2965 4059 3198 4128 Spiritus
3229 4075 3381 4122 san--

1807 4158 1898 4221 eti,
1918 4167 1973 4212 et
2003 4156 2182 4211 omnia
2211 4171 2330 4223 quae
2356 4153 2480 4208 inde
2510 4161 2831 4221 sequuntur,
2855 4165 3028 4218 neque
3050 4157 3152 4210 est,
3180 4164 3353 4216 neque

1808 4247 2028 4309 dicitur,
2049 4260 2227 4311 neque
2257 4245 2626 4311 reciprocatur
2647 4241 2872 4293 relativa
2899 4239 2998 4291 ista
3019 4251 3358 4303 consequen-

1810 4336 1880 4390 tia
1933 4334 2233 4388 secundum
2290 4333 2593 4402 Nyssenum
2645 4329 2963 4399 Gregorium
3022 4327 3240 4381 homili-a
3301 4328 3355 4379 in

1812 4425 1972 4478 Pater
2007 4432 2199 4477 noster.
2236 4421 2342 4477 Sed
2373 4435 2549 4488 neque
2584 4420 2759 4473 Patris
2794 4417 3057 4481 deﬁnitio,
3093 4415 3358 4469 terminus

1811 4525 1866 4570 et
1915 4515 2173 4579 Verbum,
2215 4527 2315 4565 nec
2366 4504 2543 4578 imago
2605 4507 3062 4562 incommutabilis
3126 4505 3360 4573 Spiritus

158 4602 281 4656 οὐδὲ
318 4604 663 4672 ἀντιστρέφει
720 4606 753 4674 ή
813 4605 1033 4674 σχετικὴ
1077 4605 1214 4673 αὕτη
1255 4605 1542 4657 ἀκολουθία
1570 4607 1708 4657 κατὰ

1809 4605 2029 4666 dicitur,
2059 4600 2305 4670 quamvis
2345 4614 2450 4652 una
2481 4613 2605 4652 cum
2642 4598 2823 4661 Patre,
2851 4596 3095 4664 Filioque
3141 4593 3362 4661 conglo-

156 4695 249 4745 τὸν
281 4693 505 4760 Νῦσσης
555 4691 854 4763 Γρηγόριον
893 4695 948 4745 ἐν
987 4696 1051 4762 τῇ
1084 4694 1162 4755 είς
1212 4692 1272 4745 τὸ
1321 4692 1508 4761 Πάτερ
1545 4690 1714 4761 ἡμῶν

1821 4692 2082 4752 rilicetur,
2113 4699 2167 4743 et
2193 4687 2667 4743 consubstantialis
2695 4684 2936 4736 exsistat.

159 4783 364 4852 ὁμιλίᾳ.
391 4780 523 4834 Οἳ)δὲ
565 4797 628 4846 γε
685 4781 792 4850 μὴν
832 4780 926 4834 τοῦ
963 4783 1172 4851 Πατρὸς
1220 4783 1341 4850 ὄρος
1385 4783 1478 4835 καὶ⁵
1523 4783 1700 4849 λόγος,
1738 4780 1845 4833 οὐδ’
1873 4780 2036 4834 εἰκὼν
2064 4778 2477 4848 ἀπαράλλακτος
2504 4777 2565 4829 τὸ
2623 4773 2842 4842 Πνεῦμα
2904 4771 3141 4840 λέγεται,
3187 4773 3362 4826 καίτοι

157 4872 234 4942 τῷ
266 4873 441 4939 Πατρὶ
463 4871 555 4924 καὶ
580 4871 657 4942 τῷ
686 4870 797 4939 Υἱῷ
823 4872 1273 4940 συνδοξαζόμενον
1301 4875 1394 4924 καὶ
1420 4873 1703 4940 ὁμοούσιον
1743 4871 2006 4940 ὑπάρχον.

243 4963 407 5016 Ἀλλά
461 4965 565 5032 μὴν
624 4961 745 5014 οὐδὲ
789 4963 930 5015 τοῦτ’
984 4962 1246 5030 εὔλογον,
1310 4963 1402 5014 τοῦ
1469 4962 1598 5014 Υίοῦ
1662 4963 1721 5014 τὸ

161 5053 388 5128 Πνεῦμα
410 5054 506 5104 καὶ
532 5037 703 5105 ταῦτα
742 5054 916 5108 πάντα
941 5053 1170 5121 φάσκειν
1199 5053 1448 5120 λέγεσθαι
1481 5053 1568 5105 διά
1615 5055 1713 5122 τὴν

159 5146 585 5215 ὁμοουσιότητα.“
627 5143 848 5214 Πρῶτον
904 5144 1139 5232 μὲνθὸτι
1183 5142 1252 5196 τὰ
1279 5142 1539 5210 ὁμοούσια
1584 5145 1719 5212 πρὸς

159 5236 368 5304 ἄλληλα
394 5235 758 5306 ἀντιστρέφει,
793 5234 964 5288 ταῦτα
993 5233 1047 5286 δὲ
1074 5233 1318 5301 οὐδαμῶς
1341 5250 1354 5264 ’
1389 5234 1579 5288 ἔπειτα
1626 5233 1718 5286 οῦς

159 5324 216 5379 δὲ
250 5327 391 5378 κατὰ
411 5309 518 5397 ’τὴν
541 5325 728 5378 οὐσίαν
766 5323 934 5378 ταῦτα
956 5324 1192 5390 λέγεται.
1240 5323 1353 5374 Μία
1382 5323 1490 5394 γὰρ
1517 5325 1546 5390 ἡ
1577 5324 1720 5393 αὐτή

160 5420 314 5480 tatu)
340 5417 515 5481 οὐσία,
540 5421 633 5469 καὶ
655 5417 714 5468 οὑ
742 5415 860 5467 τόδε
886 5413 1036 5466 τοῦδε
1066 5414 1206 5466 κατά
1234 5413 1432 5481 ταύτην
1451 5413 1678 5480 ’λέγεται
1697 5432 1709 5445 ·

159 5508 340 5570 ἄλλως
363 5507 467 5578 γάρ
486 5510 630 5575 τρεῖς
653 5507 731 5569 ἂν,
759 5502 896 5577 ἦσαν
916 5505 1089 5556 οὐσίαι
1128 5503 1518 5570 ἀπολελυμέναι
1553 5504 1716 5572 ἀλλήο

162 5599 291 5663 λων,
310 5598 430 5650 οὐδὲ
465 5596 599 5648 καθὸ
618 5596 871 5665 ὁμοούσια
897 5594 1028 5664 πρὸς
1053 5594 1252 5662 ἄλληλα
1279 5594 1539 5660 λέγονται.
1561 5595 1715 5645 Κατά

235 5736 317 5803 (4)
348 5733 519 5790 Locus
537 5733 764 5803 Nysseni
784 5747 944 5803 quem
969 5734 1099 5788 citat
1122 5733 1425 5786 Demetrius
1451 5736 1718 5800 reperitur

167 5809 219 5859 in
248 5804 500 5857 oratione
537 5803 604 5859 ad
657 5803 964 5863 Abiabium,
998 5818 1117 5870 qua:
1163 5818 1270 5854 non
1325 5811 1407 5854 est
1460 5805 1596 5870 typis
1625 5819 1718 5856 ex—

168 5887 331 5929 cussa
369 5886 492 5927 cum
518 5873 639 5928 aliis
669 5873 786 5942 ejus
819 5873 1096 5940 Operibus,
1125 5883 1178 5924 et
1206 5881 1375 5924 exstat
1432 5871 1482 5922 in
1511 5871 1703 5926 biblio-

1889 4961 1992 5016 Sed
2021 4975 2193 5030 neque
2250 4960 2444 5014 rationi
2501 4967 2920 5012 consentaneum
2956 4965 3059 5019 est,
3112 4970 3362 5009 asserere

1816 5052 1938 5106 Filii
1963 5053 2244 5122 Spiritum,
2275 5061 2330 5104 et
2359 5052 2471 5104 haec
2498 5051 2681 5102 omnia
2708 5048 2814 5100 dici
2855 5055 3074 5114 propter
3103 5047 3354 5098 consub-

1817 5143 2242 5198 stantialitatem.
2276 5141 2515 5194 Primum
2549 5139 2792 5207 quidem,
2823 5136 2968 5205 quod
3001 5135 3362 5189 consubstan-

1816 5233 1963 5287 tialia
1995 5233 2138 5312 inter
2167 5246 2224 5285 se
2267 5232 2696 5300 reciprocantur,
2744 5227 2859 5279 h:ec
2891 5239 3020 5277 vero
3064 5223 3213 5277 nullo
3244 5238 3361 5275 mo-

1820 5323 1909 5377 do.
1961 5322 2162 5376 Deinde
2230 5337 2407 5390 neque
2475 5318 2776 5372 secundum
2825 5314 3180 5370 substantiam
3249 5313 3362 5365 haec

1819 5413 2110 5478 dicuntur;
2151 5427 2256 5466 una
2285 5413 2429 5464 enim
2469 5407 2659 5462 eadem
2692 5413 2775 5459 est
2808 5404 3129 5465 substantia,
3161 5412 3214 5455 et
3253 5417 3362 5453 non

1818 5503 1925 5557 hoc
1957 5503 2118 5574 hujus
2167 5499 2464 5555 secundum
2505 5513 2622 5552 eam
2687 5496 2908 5561 dicitur,
2974 5491 3212 5560 alioquin
3255 5499 3364 5541 tres

1820 5602 2003 5648 essent
2059 5592 2376 5646 substantiae
2434 5589 2691 5641 absolutae
2744 5584 2812 5638 ab
2869 5583 3122 5637 invicem.
3176 5579 3362 5645 Neque

1825 5734 1978 5787 theca
2008 5734 2280 5790 Vaticana,
2314 5744 2418 5783 non
2453 5739 2633 5782 autem
2663 5726 2716 5780 in
2766 5726 2930 5780 libris
2966 5723 3364 5787 confutatOriis,

1822 5805 1915 5870 qui
1947 5811 2072 5856 sunt
2105 5810 2291 5854 contra
2321 5797 2641 5870 Eunomium
2667 5814 2680 5859 ;
2714 5809 2880 5863 quare
2912 5794 3219 5850 Demetrius
3241 5807 3363 5862 pas-

1820 5865 1911 5926 s'us
1949 5881 2032 5925 est
2071 5869 2394 5940 μνημονικὸν
2431 5865 2749 5945 ἁμάρτημα.
