4126 6322
205 322 303 383 921

1116 335 1210 393 DE
1250 337 1763 395 l’ROCESSIONE
1806 338 2161 399 SPIRITUS
2203 339 2493 399 SANCTI.

3287 341 3409 400 me

204 428 446 494 τοσούτῳ
486 427 701 494 μᾶλλον,
758 433 863 502 ὅσῳ
894 437 984 487 καὶ
1030 438 1115 491 διὰ
1168 440 1260 491 τοῦ
1294 443 1461 504 Λόγου
1491 444 1517 493 ό
1565 443 1747 512 Πατὴρ

1854 457 1956 507 ret.
1994 463 2098 501 non
2149 464 2212 501 ex
2264 448 2418 499 Patre
2466 461 2559 514 per
2608 446 2804 499 Filium
2862 446 3121 515 Spiritum
3162 458 3410 500 sanctum

204 516 500 581 προὸολεὺς
532 518 621 570 τοῦ
679 522 985 591 Πνεύματος
1014 528 1090 596 τῷ
1131 530 1474 599 Δαμασκηνῷ
1508 534 1749 599 εἴρηται.

207 604 272 654 Εἰ
312 605 415 673 γὰρ
444 608 500 657 τὸ
551 610 637 662 διὰ
670 612 758 664 τοῦ
804 615 927 668 rio-3
982 619 1051 669 τὰ
1081 619 1252 672 πάντα
1299 621 1598 685 γεγονέναι,
1634 623 1755 673 ὅσοι

203 696 333 762 ἥκει
356 701 433 759 είς
460 700 557 767 τὴν
586 702 703 769 διὰ,
737 708 940 759 καὶτὸν
968 710 1092 759 Υίὸν
1124 711 1219 763 Eva
1262 712 1585 779 δημιουργὸν
1621 714 1755 781 μετά

202 784 305 835 τοῦ
356 788 560 857 Πατρὶς
592 795 685 843 καὶ
714 797 938 864 ποιητὴν
972 798 1078 849 τῶν
1108 799 1273 852 ὅντων
1305 802 1649 870 παρίστησιν.
1682 803 1756 865 ὡς

205 876 239 941 ὴ
278 876 538 947 καθολικὴ
592 883 770 944 πίστις
804 886 1075 951 ὁμολογεῖ,
1110 888 1224 949 πῶς
1254 892 1345 941 ἐπὶ
1402 893 1499 959 τῆς
1533 894 1753 959 προόδου

200 962 304 1013 τοῦ
338 964 476 1017 θείου
504 970 817 1036 Πνεύματος
850 974 948 1024 οὐκ
969 974 1032 1024 ἂν
1067 978 1092 1026 ό
1126 976 1247 1038 Υἱὸς
1281 977 1442 1029 αὐτοῦ
1486 983 1756 1044 συναίτιος

202 1052 295 1120 εἴη
320 1093 335 1117 ,
363 1056 454 1107 καὶ
477 1050 555 1118 εἷς
585 1060 775 1121 αἷτιος,
811 1062 876 1113 δι’
907 1064 1097 1115 ἑαυτοῦ
1130 1065 1220 1118 τὸν
1249 1066 1465 1135 Πατέρα
1491 1070 1754 1135 προϐολέα

198 1142 631 1226 του-Πνεύματος
659 1150 792 1217 ἔχων
824 1153 914 1203 τοῦ
945 1157 1226 1219 ὀμοουσίου
1260 1158 1469 1226 ἐαυτῷ;
1501 1160 1753 1212 Διδασκέ-

197 1249 390 1285 τωσαν
410 1238 512 1304 γὰρ
535 1239 699 1305 ἡμᾶς,
730 1243 841 1298 πῶς
872 1245 927 1295 ὲν
951 1244 1118 1297 ἅπασι
1153 1247 1249 1313 μὲν
1270 1250 1377 1308 τοῖς
1400 1249 1485 1301 διά
1512 1251 1601 1302 τοῦ
1626 1250 1752 1303 Υίοῦ

198 1321 539 1411 κτιζομένοις
560 1323 707 1390 οὗτος
743 1332 941 1397 μᾶλλον
962 1335 1162 1401 ἥνωται
1192 1336 1269 1403 τῷ
1299 1340 1491 1404 Πατρὶ,
1520 1342 1576 1390 ὲν
1602 1342 1655 1393 δὲ
1686 1345 1750 1411 τῇ

196 1409 291 1461 διὰ
317 1410 407 1461 τοῦ
438 1412 564 1464 Υίοῦ
590 1416 905 1482 ὲκπορεύσει
930 1420 1212 1489 διῄρηταις
1247 1425 1302 1474 ὲν
1404 1442 1487 1485 τις
1513 1425 1579 1477 ἂν
1624 1409 1754 1488 ἴσως

195 1499 348 1551 εῐποι
370 1502 462 1553 καὶ
493 1505 659 1571 μείζω
688 1508 786 1574 τὴν
812 1511 1095 1563 κοινωνίαν
1127 1513 1304 1566 αὐτῶν
1346 1511 1482 1566 εἶναι
1520 1518 1649 1576 δεῖν,
1680 1517 1753 1577 ti);

193 1587 267 1639 ἄν
290 1591 355 1641 ὲκ
385 1591 482 1659 τῆς
511 1597 692 1663 κοινῆς
724 1599 906 1661 οὐσίας
957 1602 1049 1652 καὶ
1104 1602 1250 1663 θείας
1294 1604 1386 1655 τοῦ
1426 1606 1636 1672 Πατρὶς
1662 1608 1754 1658 καὶ

193 1678 298 1730 τοῦ
334 1681 459 1733 Υίοῦ
483 1687 831 1753 προαγόντων
853 1689 912 1740 τὸ
944 1690 1165 1758 Πνεῦμα
1196 1694 1255 1743 τὸ
1280 1695 1433 1760 ἅγιον
1462 1698 1556 1763 τῆς
1586 1697 1752 1757 αὐτῆς

194 1768 259 1819 ὃν
290 1771 383 1821 καὶ⁷
412 1773 538 1824 αὐτὸ
565 1776 771 1841 οὐσίας,
807 1777 838 1846 ἦ
872 1779 928 1829 ὲν
956 1782 1019 1847 τῇ
1059 1781 1166 1832 τῶν
1212 1784 1525 1847 κτισμάτων
1578 1802 1747 1852 παρα·
1778 1766 1824 1825 Β

196 1860 359 1926 γωγῇ
393 1859 513 1913 οὔτε
544 1863 605 1915 ὲκ
636 1865 731 1932 τῆς
763 1867 947 1935 κοινῆς
985 1870 1170 1932 οὐσίας
1200 1873 1334 1923 αὐτά
1370 1874 1749 1939 παραγόντων,

193 1949 340 2000 ἀλλά
370 1952 462 2003 καὶ
490 1953 589 2021 τῆς
631 1956 844 2021 φύσεως
886 1958 1063 2011 αὐτῶν
1090 1958 1251 2028 οὔσης
1290 1963 1421 2029 πρὸς
1454 1964 1551 2027 τὴν
1602 1963 1752 2015 θείαν

198 2039 547 2093 παντάπασιν
570 2042 868 2112 ἀλλοτρίας.
899 2045 1102 2097 Οὔκουν
1127 2046 1237 2115 ἔχοι
1271 2064 1353 2109 τις
1386 2050 1449 2099 ἃν
1480 2052 1674 2115 εἰπεῖν,
1704 2050 1753 2101 εί

197 2126 278 2194 μὴ
312 2134 629 2197 μαινόμενος
658 2134 764 2201 εἴη,
816 2133 891 2194 ώς
938 2135 1044 2202 ἄρα
1090 2136 1148 2187 τὺ
1178 2136 1262 2189 διὰ
1305 2138 1395 2189 τοῦ
1429 2139 1555 2189 Υίοῦ
1596 2142 1754 2192 ἐκπο-

197 2216 455 2281 ρεύεσθαι
486 2219 545 2270 τὸ
570 2220 654 2272 διὰ
674 2221 763 2281 τοῦ
797 2222 925 2275 Υἱοῦ
958 2212 1193 2277 δίδοσθαι
1224 2228 1497 2293 σημαίνει.
1531 2228 1602 2278 Οὐ
1646 2230 1753 2297 γὰρ

192 2304 285 2355 δια
311 2305 401 2356 τοῦ
434 2306 561 2358 Υἱοῦ
587 2309 850 2374 δίδοσθαι,
878 2313 909 2379 ἢ
958 2315 1300 2381 πέμπεσθαι,
1334 2317 1364 2384 ἢ
1398 2319 1752 2385 χορηγεῖσθαι

197 2392 363 2457 μόνον
386 2396 531 2464 παρά
582 2397 688 2449 τῶν
713 2399 1043 2452 διδασκάλων
1071 2404 1306 2469 λέγεται,
1332 2406 1448 2456 οὐδὲ
1481 2408 1606 2475 περὶ
1634 2408 1754 2458 τού-

194 2495 307 2531 των
331 2482 687 2551 διαλεγόμεθα
722 2485 816 2539 νῦν
848 2490 913 2559 (εί
953 2494 1042 2541 καὶ
1074 2493 1205 2543 αὐτὸ
1256 2494 1587 2547 ἐνδεικτικόν
1636 2499 1751 2549 ἐστι

195 2573 295 2623 τοῦ
344 2574 429 2627 διὰ
460 2574 552 2627 τοῦ
598 2576 726 2629 Υἱοῦ
776 2581 1166 2646 ἐκπορεύεσθαι
1224 2584 1317 2634 καὶ
1366 2584 1462 2653 τὴν
1515 2584 1749 2653 ὕπαρξιν

196 2662 365 2729 ἔχειν.
402 2666 474 2717 Οὐ
522 2667 629 2734 γάρ
670 2668 837 2738 δήπου
871 2672 958 2723 διὰ
993 2674 1084 2725 τοῦ
1119 2675 1246 2727 Υίοῠ
1279 2676 1625 2728 ἀπεστέλλετ’
1661 2678 1750 2739 ἂν,

198 2752 252 2802 εἰ
288 2753 363 2823 μὴ
388 2757 481 2806 καὶ
507 2756 574 2808 δι’
603 2758 769 2811 αὐτοῦ
801 2762 1060 2829 πρότερον
1088 2764 1184 2833 τὴν
1209 2764 1442 2834 ὓπαρξιν
1466 2764 1601 2834 εἶχε,
1630 2767 1753 2819 καθ’

203 2842 274 2907 ἢν
324 2843 507 2904 ἀῖδίως
558 2848 1015 2917 ἐκπορευόμενον,
1068 2855 1334 2921 χρονικιῖκ
1392 2854 1560 2916 οὕτως
1609 2856 1752 2924 ἔχειν

206 2934 360 3001 παρά
397 2936 501 2986 τῶν
553 2937 853 3005 ἀνθρώπων
893 2942 1257 3007 γινώσκεται·
1287 2947 1405 3013 ἥτις
1449 2947 1513 3015 δὴ
1552 2948 1751 3013 γνῶσις

1850 540 2229 613 exsistentiam
2289 538 2530 593 habere?
2589 547 2751 606 atque
2796 553 2852 591 ec
2913 539 3103 606 magis,
3159 553 3267 605 quo
3319 554 3412 605 per

1866 629 2097 680 Verbum
2164 628 2322 681 Pater
2375 627 2670 695 productor
2721 627 2957 693 Spiritus
3003 640 3033 677 ι
3085 626 3413 678 Damasceno

1863 719 2043 772 dictus
2091 727 2195 772 est.
2223 720 2277 770 Si
2325 718 2469 771 enim
2514 716 2644 768 illud
2709 732 2803 784 per
2855 716 3050 768 Filium
3100 706 3219 767 esse
3277 714 3409 764 facta

1862 810 2081 870 omnia,
2130 818 2389 875 quantum
2445 807 2638 859 attinet
2711 805 2776 857 ad
2828 804 3260 871 praepositionem
3325 820 3413 868 per

1860 899 2020 951 etiam
2054 899 2244 950 Filium
2285 913 2450 949 unum
2500 894 2842 947 conditorem
2892 904 3051 961 atque
3111 903 3408 947 creatorem

1864 998 2043 1035 rerum
2077 999 2198 1035 cum
2234 983 2409 1044 Patre,
2442 983 2615 1040 docet.
2653 990 2704 1033 et
2746 981 3017 1044 exprimit,
3055 989 3111 1031 ut
3146 980 3409 1031 cutholira

1863 1074 1995 1128 ﬁdes
2037 1074 2255 1136 fatetur,
2293 1072 2568 1140 quomodo
2621 1071 2672 1123 in
2727 1086 2980 1137 processu
3038 1069 3203 1120 divini
3245 1069 3410 1135 Spiri—

1864 1175 1969 1225 tus,
2009 1180 2113 1216 non
2141 1166 2303 1217 etiam
2360 1164 2528 1215 Filius
2568 1164 2685 1227 ejus
2726 1174 2991 1213 concausa
3026 1159 3315 1220 exstiterit,
3356 1168 3411 1210 et

1861 1268 1965 1304 una
1999 1267 2157 1304 causa
2194 1253 2263 1305 sit
2297 1253 2507 1304 Patrem
2565 1250 2940 1317 productorem
2981 1245 3183 1298 habens
3212 1260 3309 1311 per
3351 1259 3410 1297 se

1862 1344 1977 1411 ipsu
2074 1342 2311 1407 Spiritus
2332 1342 2434 1395 sibi
2466 1337 2977 1393 consubstantialis?
3012 1334 3407 1387 Doceantenitn

1861 1451 1979 1498 nos,
2008 1436 2281 1504 quomodo
2310 1435 2361 1486 in
2417 1432 2671 1486 omnibus
2715 1448 2813 1499 per
2864 1429 3059 1482 Filium
3097 1428 3291 1480 creatis
3326 1428 3409 1480 Fi-

1860 1527 1965 1579 lius
2005 1527 2172 1594 magis
2209 1527 2276 1578 sit
2329 1527 2651 1593 conjunctus
2709 1521 2849 1573 Patri
2899 1522 3001 1576 :in
3064 1519 3409 1587 processione

1860 1634 1988 1669 vero
2030 1633 2125 1683 per
2182 1617 2372 1667 Filium
2433 1616 2503 1667 sit
2538 1612 2875 1681 disjunetus?
2923 1612 2972 1662 in
3020 1625 3126 1677 quo
3166 1609 3410 1662 fortassis

1860 1707 2053 1773 aliquis
2100 1706 2317 1767 dixerit,
2368 1707 2528 1757 etiam
2566 1706 2822 1770 majorem
2855 1699 3255 1768 conjuctioncm
3289 1712 3409 1750 esse

1855 1807 2125 1864 oportere.
2153 1796 2285 1848 Cum
2325 1810 2389 1847 ex
2436 1791 2706 1845 communi
2771 1798 2826 1843 et
2886 1789 3066 1841 divina
3104 1788 3408 1842 substantia

1854 1888 2013 1941 Pater
2058 1896 2115 1939 et
2152 1886 2317 1938 Filius
2348 1884 2647 1952 producant
2699 1880 2956 1949 Spiritum
3010 1888 3276 1936 sanctum.
3310 1877 3401 1945 qui

1854 1985 1907 2029 et
1935 1976 2048 2042 ipse
2082 1975 2321 2043 ejusdem
2352 1972 2562 2025 exsistit
2595 1970 2929 2030 substantire,
2958 1970 3008 2021 in
3050 1968 3407 2035 productione

1855 2075 2033 2117 autem
2084 2073 2459 2117 creaturarum
2520 2076 2627 2113 non
2684 2075 2746 2113 ex
2790 2060 3062 2112 communi
3103 2056 3406 2110 substantia

1855 2168 1945 2207 cas
1978 2153 2314 2221 producant;
2348 2165 2575 2220 quarum
2634 2158 2831 2203 natura
2884 2160 2963 2201 est
2994 2162 3020 2200 a
3054 2146 3231 2200 divina
3259 2144 3409 2213 peni-

1857 2255 1945 2297 tus
1980 2244 2203 2297 aliena?
2238 2242 2354 2295 Non
2389 2243 2554 2310 igitur
2605 2249 2788 2307 posset
2832 2239 3027 2305 aliquis
3065 2237 3269 2298 dicere,
3301 2235 3404 2287 nisi

1857 2333 2113 2391 insaniat,
2146 2331 2289 2399 quod
2352 2331 2609 2383 nimirum
2668 2327 2797 2380 illud
2858 2343 2951 2394 per
2985 2326 3177 2378 Filium
3213 2339 3405 2391 proce-

1854 2423 2003 2485 dere,
2040 2436 2134 2489 per
2189 2420 2383 2473 Filium
2437 2418 2683 2472 exhiberi
2741 2417 3045 2485 signiticat.‘
3079 2415 3194 2467 Non
3256 2414 3403 2465 enim

1856 2521 2063 2566 tantum
2120 2527 2214 2580 per
2247 2511 2443 2565 Filium
2492 2510 2608 2563 dari
2661 2523 2756 2563 seu
2812 2507 2976 2568 mitti,
3006 2520 3098 2558 seu
3132 2503 3339 2572 erogari
3371 2515 3403 2556 ι

1853 2594 2168 2655 doctoribus
2200 2601 2422 2664 dicitur,
2454 2613 2631 2667 neqtte
2670 2598 2737 2651 de
2782 2597 2867 2649 his
2894 2609 3038 2647 nunc
3067 2594 3402 2661 disputamus

1854 2689 2123 2757 (quamvis
2148 2698 2202 2742 et
2234 2690 2407 2756 ipsum
2454 2687 2807 2746 demonstret,
2842 2699 2937 2750 per
2967 2682 3162 2735 Filium
3206 2693 3402 2748 proce-

1852 2779 2001 2841 dere,
2054 2787 2110 2831 et
2142 2776 2515 2832 exsistentiam
2549 2776 2773 2828 habere.
2812 2774 2932 2826 Non
2964 2773 3109 2825 enim
3160 2770 3401 2839 profecto

1852 2885 1948 2938 per
1987 2868 2181 2921 Filium
2233 2868 2559 2926 mitteretur,
2596 2865 2699 2918 nisi
2737 2879 2831 2931 per
2869 2863 3044 2930 ipsum
3076 2861 3229 2929 prius
3256 2857 3401 2912 exsi-

1852 2959 2104 3011 steutiam
2139 2957 2384 3018 haberet,
2418 2956 2715 3010 secundum
2759 2969 2920 3019 quam
2952 2952 3018 3004 ab
3040 2960 3242 3003 :eteruo
3279 2964 3400 3017 pro-

196 3027 302 3093 τῆς
337 3027 747 3096 μεγαλειότητος
805 3031 967 3083 αὐτοῦ
1019 3036 1114 3086 καὶ
1157 3038 1252 3101 τῆς
1291 3037 1573 3105 ὑπάρξεως
1614 3040 1747 3089 ἀπο-

203 3114 358 3136 ---”
402 3117 658 3136 --μ-νιν
733 3120 812 3136 ,η
872 3123 885 3136 .
1142 3126 1152 3136 .
1317 3127 1328 3136 .
1424 3127 1445 3136 -
1545 3128 1557 3136 .
1606 3127 1626 3136 -
1691 3128 1702 3136 .

1854 3047 2049 3100 cedens
2094 3047 2149 3099 in
2202 3054 2461 3113 tempere,
2495 3046 2566 3098 ita
2604 3060 2661 3097 se
2710 3044 2911 3095 habere
2961 3042 3029 3093 ab
3088 3039 3399 3092 hominibus

198 3114 363 3184 στολὴ
400 3117 536 3184 πρὸς
570 3118 693 3180 τοὺς
721 3120 1033 3189 ἀνθρώπους
1068 3126 1163 3176 καὶ
1192 3127 1340 3195 παρά
1380 3127 1487 3178 τῶν
1535 3127 1745 3196 ἀνθρώ-

198 3218 319 3253 πων
345 3202 750 3274 λέγεται),ἀλλά
767 3211 894 3277 περὶ
917 3214 1013 3277 τῆς
1030 3213 1119 3264 τοῦ
1140 3215 1527 3283 ἐκπορεύεσθαι
1552 3216 1747 3280 λέξεως

193 3292 223 3341 ό
253 3290 407 3358 λόγος
438 3292 550 3358 νῦν,
586 3295 703 3347 καθ’
729 3299 793 3367 ἣν
816 3299 877 3349 ὲκ
905 3299 997 3350 τοῦ
1033 3302 1236 3369 [ἰατρὸς
1269 3304 1352 3354 διὰ.
1377 3303 1466 3354 τοῦ
1500 3303 1626 3353 Υἱοῦ
1660 3306 1750 3352 ἐκ·

194 3382 521 3447 πορεύεσθαί
549 3402 697 3452 φασι,
750 3389 841 3439 καὶ
873 3390 938 3458 ἢν
982 3391 1279 3460 δηλωτικὴν
1332 3396 1427 3463 τῆς
1460 3396 1741 3463 ὑπάρξεως

192 3470 358 3521 αὑτοῦ
388 3475 581 3536 πάντες
608 3475 943 3543 ὁμολογοῦσι.
999 3482 1185 3533 Καίτοι
1229 3486 1320 3534 καὶ
1347 3485 1453 3537 τῶν
1491 3488 1743 3542 διδασκάο

192 3559 305 3611 λων
333 3561 475 3622 τινὲς
512 3562 610 3633 τὴν
640 3566 731 3617 τοῦ
762 3567 917 3634 ἁγίου
964 3572 1274 3639 Πνεύματος
1298 3578 1618 3644 ἐκπόρευσιν
1651 3583 1741 3634 ἔκ-

190 3652 400 3731 πεμψιν
432 3648 569 3706 εἶναι
615 3655 951 3710 διδάσκουσιν
985 3660 1169 3722 ἀΐδιον,
1218 3663 1370 3716 τοῦτο
1406 3668 1502 3733 μὲν
1532 3672 1557 3720 ό
1591 3671 1734 3723 Θαυ-

193 3740 501 3809 ματουργὸς
525 3742 839 3813 Γρηγόριος,
874 3748 1024 3800 τοῦτο
1056 3750 1111 3800 δὲ
1152 3752 1442 3821 Γρηγόριος
1482 3760 1509 3810 ὁ
1551 3760 1738 3815 Θεολό.

189 3846 307 3894 γος,
333 3832 361 3883 ὁ
386 3832 484 3898 μὲν
502 3832 557 3882 ὲν
584 3834 742 3903 λόγῳ,
774 3830 832 3887 οὗ
856 3840 885 3906 ἡ
909 3840 1069 3908 ἀρχὴ,
1106 3843 1408 3909 Ἕχθιστοι
1435 3850 1530 3900 καὶ
1554 3852 1740 3905 ἀλλό-

190 3935 358 3985 τριοι,
396 3921 635 3989 φάσκων,
665 3943 683 3975 ι
715 3926 1039 3997 ’Δγεννήτως
1072 3934 1168 3999 μὲν
1198 3934 1345 3995 ὄντος
1382 3940 1472 3989 τοῦ
1504 3940 1737 4009 Πατρός,

190 4009 538 4078 γεννηθέντος
577 4012 632 4064 δὲ
682 4014 775 4066 τοῦ
818 4016 944 4068 Υίοῦ
990 4020 1052 4069 ὲκ
1100 4021 1190 4071 τοῦ
1250 4024 1478 4090 Πατρὸς,
1538 4029 1631 4079 τοῦ
1680 4047 1738 4081 τε

188 4099 504 4167 Πνεύματος
535 4102 598 4154 ἑκ
625 4103 719 4173 τῆς
739 4104 917 4167 οὐσίας
944 4105 1034 4157 τοῦ
1072 4108 1278 4177 Πατρὸς
1301 4112 1366 4161 δι’
1394 4112 1518 4164 Υίοῦ
1557 4115 1737 4177 ἀῐδῖως

186 4188 624 4256 ἐκπεμφθέντος’
664 4210 681 4241 ι
713 4196 740 4244 ό
768 4193 825 4246 δὲ
851 4197 908 4246 ἐν
947 4196 1022 4264 τῷ
1053 4200 1187 4265 πρὸς
1219 4200 1439 4270 Ἥρωνα
1469 4208 1557 4256 τὸν
1587 4207 1735 4274 φιλό-

189 4291 379 4343 σοφον,
417 4276 545 4330 ἴδιον
583 4280 675 4331 τοῦ
721 4282 874 4349 ἀγίου
936 4287 1246 4353 Πνεύματος
1303 4293 1401 4361 τὴν
1457 4294 1734 4364 ἔκπεμψιν

1857 3137 2215 3205 dignoscitur.
2248 3136 2375 3200 Quae
2422 3150 2549 3189 sane
2585 3135 2821 3203 cognitio
2844 3131 3227 3200 magnitudinis
3260 3131 3398 3197 ejus,

1853 3238 2012 3290 atque
2044 3226 2371 3279 exsistentire
2418 3225 2606 3277 missio
2651 3224 2716 3276 ad
2752 3223 3018 3281 homines,
3046 3232 3094 3274 et
3128 3221 3193 3273 ab
3222 3218 3399 3271 homi-

1853 3316 2010 3367 nibus
2040 3313 2282 3370 dicitur).
2313 3313 2416 3366 Sed
2455 3328 2599 3365 nunc
2628 3326 2805 3365 sermo
2831 3311 3005 3364 estde
3032 3310 3269 3361 dictione
3308 3306 3395 3359 illa

1853 3408 2169 3475 procedere,
2208 3406 2505 3459 secundum
2539 3420 2697 3473 quam
2735 3419 2800 3458 ex
2857 3403 3011 3455 Patre
3067 3416 3161 3467 per
3203 3398 3394 3452 Filiqu

1852 3498 2146 3566 procedere
2192 3499 2375 3555 aiunt.
2424 3507 2479 3550 et
2546 3512 2706 3564 quam
2758 3496 3211 3548 manifestativam
3275 3508 3397 3546 esse

1848 3589 2171 3642 exsistenlia:
2202 3590 2316 3657 ejus
2345 3602 2530 3640 omnes
2556 3586 2809 3647 fatentur,
2852 3585 3098 3653 quamvis
3147 3582 3394 3636 nonnulli

1850 3678 2131 3731 doctorum
2171 3680 2570 3747 processionem
2604 3678 2775 3730 sancti
2800 3677 3028 3741 Spiritus
3052 3674 3394 3728 emissionem

1850 3783 1966 3820 esse
1996 3778 2247 3819 aeternam
2302 3761 2547 3828 doceant,
2579 3766 2775 3831 partim
2835 3765 3054 3831 quidem
3103 3762 3414 3830 Gregorius

1850 3858 2303 3924 Thaumaturgus,
2342 3856 2534 3923 partim
2570 3870 2698 3906 vero
2746 3853 3036 3929 Gregorius
3065 3852 3387 3919 Theologus.

1846 3946 1997 3997 Alter
2042 3945 2260 4012 quidem
2297 3944 2349 3996 in
2391 3944 2658 4005 oratione,
2700 3945 2852 4012 cujus
2890 3944 3100 3995 initium
3138 3961 3149 3995 :
3208 3942 3393 3995 Inimi-

1847 4034 2065 4097 cissimi,
2095 4042 2252 4101 atque
2302 4034 2484 4095 alieni,
2516 4033 2766 4099 inquiens
2794 4048 2807 4087 :
2854 4051 2870 4081 ι
2906 4032 3039 4085 Cum
3071 4032 3140 4084 sit
3172 4033 3391 4098 quiuem

1843 4120 2000 4173 Pater
2028 4121 2318 4187 ingenitus,
2350 4120 2517 4174 Filius
2560 4136 2687 4173 vero
2719 4137 2783 4173 ex
2816 4121 2972 4173 Patre
3004 4121 3243 4190 genitus,
3267 4120 3392 4186 Spi—

1844 4209 1982 4261 ritus
2009 4222 2223 4276 quoque
2274 4223 2340 4261 ex
2369 4209 2673 4262 substantia
2709 4208 2879 4262 Patris
2931 4225 3027 4277 per
3073 4195 3267 4263 Filium
3322 4210 3390 4263 ab

1841 4306 2044 4351 aeterno
2079 4299 2328 4352 emissus.
2368 4318 2387 4350 ι
2420 4300 2570 4353 Alter
2594 4315 2721 4352 vero
2752 4302 2803 4353 iu
2834 4300 3079 4352 oratione
3113 4299 3178 4351 ad
3214 4299 3389 4374 Heroa

184 4366 376 4420 εἰπών.
400 4368 461 4420 Et
494 4369 671 4421 τοίνυν
700 4371 789 4422 τοῦ
824 4373 976 4438 ἁγίου
1002 4375 1312 4443 ιΙνεύματος
1333 4381 1430 4450 τὴν
1463 4383 1734 4452 ἔκπεμψιν

1847 4404 1960 4442 item
2011 4389 2415 4456 philosophum,
2458 4390 2732 4457 prapriam
2768 4389 2938 4442 sancti
2973 4388 3204 4457 Spiritus
3228 4370 3391 4442 emis-

182 4456 355 4508 ἀΐδιον
383 4459 475 4511 καὶ
498 4458 729 4529 ἰδιότητα
761 4462 849 4514 τοῦ
875 4464 1181 4533 [Ινεύματὸς
1216 4484 1367 4534 φασι,
1398 4471 1511 4533 πῶς
1543 4476 1639 4526 οὐκ
1666 4475 1732 4527 ἂν

183 4544 420 4612 εὐλόγως
460 4549 492 4615 ἡ
526 4548 818 4618 ἔκπεμψις,
875 4556 969 4606 καὶ
1027 4556 1160 4608 κατὰ
1215 4558 1371 4611 τοῦτο
1413 4563 1732 4632 ὲκπόρευσις

181 4634 270 4701 εἴη
307 4637 401 4687 καὶ
454 4636 693 4702 ).έγοιτο;
737 4643 884 4711 Πλὴν
915 4646 962 4694 εί
997 4648 1069 4712 μὴ
1124 4649 1213 4699 οιαὶ
1250 4649 1345 4716 τὴν
1405 4654 1731 4723 ἐκπόρευσιν

180 4726 439 4816 χρονικὴν
470 4725 604 4781 εἶναι
632 4730 774 4797 λέγοι
806 4750 915 4794 τιςσ
945 4736 975 4803 ἢ
1006 4739 1099 4789 καὶ
1121 4740 1177 4790 τὸ
1202 4740 1451 4809 ἕγχρονον
1470 4744 1561 4795 τοῦ
1590 4747 1729 4816 ὑπὲρ

178 4815 371 4882 χρόνον
404 4816 605 4885 τίθησιν
630 4821 796 4872 αἴτιον
817 4838 830 4851 ·
862 4824 953 4875 καί
974 4842 1090 4877 τινα
1112 4831 1219 4890 τοῖς
1237 4830 1394 4891 θείοις
1425 4815 1727 4901 προσώποις

175 4906 592 4996 ἑπισυμόαίνειν
620 4912 799 4972 οἴοιτο,
831 4915 923 4963 καὶ
969 4913 1121 4968 πάντ’
1143 4920 1221 4981 είς
1256 4922 1444 4975 ἑαυτὸν
1467 4925 1532 4976 τὰ
1575 4927 1726 4996 εἰρη-

180 4995 326 5061 μένα
362 4997 465 5048 τῶν
489 5000 702 5052 ἀτόπων
726 5004 955 5071 ἐπισωρε
967 5004 1066 5058 ύοι.

255 5254 417 5309 Ἀλλά
446 5257 540 5308 καὶ
566 5258 722 5311 τοῦτο
749 5261 1023 5323 παντελῶς
1050 5264 1228 5327 αὐτοῖς
1257 5267 1443 5330 ἕωλον,
1466 5271 1492 5321 ὅ
1523 5291 1711 5340 φασιν,
1761 5305 1776 5315 -

169 5343 244 5406 ὡς
270 5346 322 5396 εί
347 5347 405 5398 τὸ
428 5347 648 5416 Πνεῦμα
678 5350 741 5402 τὸ
770 5353 922 5419 ἃγιον
943 5356 1005 5406 ἐκ
1030 5356 1124 5424 τῆς
1156 5356 1343 5420 οὐσίας
1376 5361 1466 5413 τοῦ
1504 5363 1716 5431 [ia-:ch

172 5436 266 5484 καὶ
319 5435 413 5487 τοῦ
475 5438 603 5490 Υίοῧ
643 5441 779 5505 ἐστι,
823 5443 909 5494 διὰ
958 5438 1194 5512 τδγμίαν
1244 5444 1518 5501 εἶναιτῶν
1549 5454 1715 5520 τριῶν

170 5521 379 5586 οὐσίαν,
420 5524 500 5574 δεῖ
532 5527 624 5579 καὶ
655 5528 785 5579 αὐτὸ
837 5529 894 5592 ἐξ
937 5532 1128 5584 ἑαυτοῦ
1159 5535 1439 5603 ὑπάρχειν.
1491 5541 1712 5608 Πρῶτον

174 5608 272 5680 μὲι
298 5610 401 5680 γὰρ
429 5614 523 5666 οὐκ
563 5615 773 5686 ἀνάγκη
802 5619 868 5671 τὰ
896 5619 989 5671 τοῦ
1026 5624 1235 5692 Πατρὸς
1264 5626 1356 5677 καὶ
1384 5628 1508 5681 Υίοῦ
1535 5632 1708 5685 πάντα

1837 4482 2042 4534 sionem
2079 4494 2344 4534 asserens.
2374 4480 2429 4533 Si
2476 4480 2639 4549 igitur
2669 4479 2903 4548 Spiritus
2933 4482 3103 4534 sancti
3145 4480 3391 4533 emissio-

1837 4584 1957 4621 nem
2021 4576 2297 4631 aaternam,
2349 4577 2405 4621 et
2466 4568 2851 4636 proprietatem
2909 4568 3146 4635 Spiritus
3210 4568 3386 4628 aiunt,

1838 4656 2111 4725 quomodo
2142 4671 2248 4708 non
2282 4656 2475 4709 merito
2504 4656 2725 4708 emissio
2746 4655 2910 4708 etiam
2938 4656 3239 4710 secundum
3287 4656 3388 4710 hoc

1826 4748 2104 4816 processio
2132 4755 2296 4809 esset,
2333 4760 2395 4799 ac
2428 4745 2735 4799 diceretur?
2764 4746 2875 4799 Nisi
2902 4747 3024 4815 quis
3052 4748 3214 4799 etiam
3258 4760 3383 4811 pro-

1829 4835 2130 4888 cessionem
2159 4833 2211 4884 in
2251 4842 2489 4899 tempore
2521 4845 2641 4884 esse
2672 4831 2911 4895 dixerit;
2944 4840 2999 4884 et
3035 4832 3179 4897 quod
3207 4840 3288 4883 est
3329 4830 3383 4883 in

1830 4932 2072 4987 tempore
2101 4920 2261 4981 illius,
2282 4919 2423 4987 quod
2454 4928 2535 4971 cst
2569 4928 2692 4971 ante
2722 4934 2879 4971 omne
2911 4928 3144 4987 tempus,
3168 4933 3380 4983 causam

1823 5026 1942 5065 csse
1966 5013 2240 5079 posuerit;
2269 5021 2328 5064 et
2356 5010 2610 5062 nonnulla
2640 5009 2837 5061 divinis
2860 5010 3108 5076 personis
3132 5009 3379 5061 accidere

1822 5101 2114 5168 putaverit,
2146 5112 2303 5169 atque
2334 5101 2539 5164 omnia,
2579 5115 2696 5166 qua:
2719 5100 2859 5152 dicta
2896 5106 3024 5152 sunt
3059 5099 3289 5152 absurda
3324 5099 3379 5154 in

1821 5203 1879 5241 se
1914 5189 2024 5258 ipse
2055 5192 2498 5243 accumulaverit.

1890 5278 1992 5331 Sed
2044 5287 2100 5332 et
2151 5280 2279 5331 illud
2332 5280 2493 5332 nimis
2543 5278 2797 5346 frigidum
2842 5286 2947 5339 est,
3003 5278 3144 5345 quod
3201 5280 3376 5335 aiunt.

1822 5370 1965 5437 quod
2003 5370 2045 5422 si
2106 5369 2340 5437 Spiritus
2388 5380 2612 5422 sanctus
2661 5385 2726 5422 ex
2788 5369 3086 5421 substantia
3119 5371 3291 5423 Patris
3327 5380 3382 5421 et

1827 5460 1951 5511 Filii
1979 5467 2081 5518 est,
2109 5473 2173 5511 eo
2203 5460 2343 5525 quod
2385 5459 2453 5511 sit
2481 5475 2586 5511 una
2612 5459 2845 5511 essentia
2882 5457 3065 5521 trium,
3095 5468 3302 5524 oportet
3326 5468 3379 5510 et

1818 5548 1994 5614 ipsum
2021 5564 2085 5601 ex
2110 5563 2165 5601 se
2192 5549 2468 5603 exsiSIcre.
2494 5550 2624 5602 Nam
2657 5540 2890 5615 primum
2921 5550 3136 5616 quidem
3162 5564 3265 5601 non
3296 5560 3379 5603 est

1814 5651 2053 5697 necesse,
2097 5648 2151 5689 ut
2186 5637 2374 5699 omnia
2437 5652 2555 5696 qure
2615 5648 2743 5691 sunt
2801 5637 3109 5691 communia
3133 5637 3275 5689 Patri
3314 5652 3372 5702 απ
