4126 6322
678 232 799 327 92a

1914 254 2292 318 DEMETRII
2335 250 2646 314 CYDONolI

3773 238 3901 302 92$

684 353 838 436 Filio,
883 370 994 424 sint
1026 368 1192 423 etiam
1242 367 1491 437 Spiritui,
1532 367 1773 438 exceptis
1828 367 1897 423 iis
1944 383 2065 436 quae
2094 376 2228 421 sunt

2352 366 2490 418 ιοινά
2530 357 2669 418 εῖναι
2711 361 2804 413 καὶ
2860 356 2938 426 τῷ
2992 354 3287 422 Πνεύματι,
3317 350 3457 419 πλὴν
3485 349 3595 403 τῶν
3622 347 3910 403 ἀπολελυ-

677 462 947 516 absoluta.
975 458 1100 513 Hauc
1148 457 1293 513 enim
1342 459 1703 513 communiter
1731 465 1891 525 atque
1929 457 2229 510 incommu-

680 550 924 603 tabiliter
973 558 1031 601 ut
1068 546 1160 601 uni
1213 547 1288 600 rei
1320 549 1489 603 tribus
1527 547 1753 611 insunt;
1786 562 1906 615 quas
1942 556 2123 600 autem
2151 560 2261 601 se—.

677 649 927 706 quuutur
960 637 1286 704 personalia,
1314 647 1367 690 et
1414 635 1771 707 hypostatica,
1799 651 1904 689 non
1938 635 2016 688 sic
2045 650 2105 689 se
2135 634 2233 688 ha-

681 729 809 781 bere
856 743 1080 781 necesse
1135 736 1236 780 est.
1282 726 1503 780 Clarum
1562 734 1744 779 autem
1801 734 1884 780 est
1940 725 2070 779 illud
2115 739 2236 780 esse

685 818 905 882 quidem
950 825 1260 879 causatum,
1309 816 1520 870 duabus
1584 824 1791 869 tantum
1848 814 2095 883 personis
2127 823 2231 877 est,

682 906 828 959 l’atri
873 911 1051 958 autem
1097 906 1361 967 minime;
1416 912 1471 957 et
1510 904 1643 957 illud
1694 902 1910 970 quidem
1965 902 2104 964 dari,
2137 916 2235 955 seu

684 995 826 1046 mitti
861 993 1126 1062 Spiritum
1170 1002 1442 1055 sanctum,
1466 994 1611 1046 Patri
1643 1008 1706 1047 ac
1740 992 1876 1046 Filio
1904 992 2232 1060 assignatur,

681 1083 794 1151 ipse
822 1098 953 1135 vero
980 1082 1218 1148 Spiritus
1270 1096 1377 1135 non
1409 1081 1611 1135 dicitur
1641 1096 1698 1135 se
1749 1082 1921 1149 ipsum
1955 1081 2106 1143 dare,
2143 1090 2236 1135 aut

685 1174 921 1225 mittere.
969 1171 1173 1224 Deinde
1216 1171 1671 1240 quemadmodum
1738 1172 1908 1226 Filius
1956 1187 2022 1225 ex
2079 1173 2235 1225 Patre

680 1265 929 1330 generari
996 1263 1219 1324 dicitur,
1262 1273 1320 1315 et
1374 1278 1481 1316 una
1534 1264 1835 1317 substantia
1883 1275 1964 1317 est
1998 1264 2155 1318 Pater
2183 1268 2238 1315 et

683 1353 873 1411 Filius.
901 1368 1011 1406 non
1051 1362 1228 1407 tamen
1264 1362 1549 1421 propterea
1589 1352 1807 1417 dicitur,
1837 1367 2009 1421 neque
2040 1351 2238 1420 reperi-

690 1454 780 1494 tur
814 1442 985 1497 Filius
1019 1458 1107 1503 ex,
1131 1443 1438 1497 substantia
1485 1459 1579 1498 sua
1631 1444 1894 1512 generari,
1934 1443 2026 1497 sed
2062 1458 2236 1510 neque

686 1534 899 1587 Patrem
931 1550 991 1587 ex
1027 1535 1328 1588 substantia
1373 1550 1493 1588 esse
1529 1534 1672 1587 Filii.
1707 1534 1816 1587 lloc
1857 1536 2001 1587 enim
2039 1535 2089 1585 in
2121 1533 2239 1587 Tri-

684 1627 851 1677 nitale
903 1624 1208 1677 divinarqu
1261 1639 1613 1692 personarum
1662 1624 1905 1677 ordinem
1949 1623 2233 1691 pervertit.

2342 457 2516 526 μένων
2561 452 2701 522 φημί
2750 451 2921 504 ταῦτα
2966 449 3074 517 γὰρ
3106 445 3294 507 κοινῶς
3329 444 3425 499 καὶ
3454 442 3910 510 ἀπαραλλάκτως

2341 548 2453 607 τοῖς
2487 545 2685 613 τρισὶν,
2730 543 2805 603 ὡς
2846 540 2927 593 ἑνὶ
2967 537 3247 606 πράγματι
3275 535 3530 603 ὑπάρχει.
3571 532 3650 585 Τά
3694 530 3753 583 δὲ
3779 531 3911 591 τοῖς

2339 636 2709 705 προσωπικοῖς
2755 632 2851 686 καὶ
2894 628 3278 690 ὐποστατικοῖς
3310 628 3554 694 ἑπόμενα
3585 624 3684 693 οὐχ
3715 622 3908 683 οὕτως

2340 713 2484 795 ῑχεὶν
2508 726 2744 793 ἀνάγκη.
2784 723 2950 791 Δῆλον
2992 721 3048 773 δὲ
3078 742 3083 749 ι
3126 718 3187 772 τὸ
3215 720 3309 787 μὲν
3350 716 3589 769 αἰτιατδν
3620 715 3731 776 τοῖς
3762 711 3905 765 δυσὶ

2340 815 2654 886 προσώποις
2688 814 2823 878 ἐστὶ,
2855 811 2931 881 τῷ
2957 812 3011 864 δὲ
3056 810 3231 881 Πατρὶ
3261 806 3535 876 οὐδαμῶς·
3568 805 3662 858 καὶ
3689 804 3752 856 τὸ
3790 802 3905 873 μὲν

2338 907 2599 971 δίδοσθαι,
2622 906 2655 975 ἢ
2686 903 2998 973 πέμπεσθαι
3022 901 3083 954 τὸ
3104 900 3324 967 Πνεῦμα
3351 898 3414 951 τὸ
3442 897 3596 963 άγιον
3619 894 3695 963 τῷ
3712 892 3905 963 Πατρὶ

2345 996 2440 1049 καὶ
2474 996 2551 1064 τῷ
2582 994 2696 1062 Υίῷ
2746 993 3074 1046 ἀποδίδοται·
3107 989 3238 1043 αὐτὸ
3282 988 3339 1041 δὲ
3376 989 3436 1039 οὐ
3472 986 3691 1051 λέγεται
3726 982 3908 1037 ἑαυτὸ

2340 1088 2538 1140 διδόναι
2568 1087 2600 1156 ἢ
2635 1085 2899 1153 πέμπειν.
2927 1084 3177 1145 Ἔπειτα,
3224 1078 3414 1146 ὥσπερ
3450 1079 3477 1129 ὁ
3528 1076 3653 1136 Υῑδς
3700 1075 3767 1126 ita:
3798 1071 3907 1124 τοῦ
3958 1122 3963 1127 ,

2342 1178 2553 1246 Πατρδς
2600 1170 2891 1243 γεννᾶσθαι
2941 1174 3179 1239 λέγεται,
3236 1172 3327 1223 καὶ
3383 1169 3480 1238 μία
3538 1166 3695 1218 οὐσία
3744 1166 3908 1217 ἐστὶν

2355 1267 2413 1319 Ὀ
2444 1268 2631 1336 Πατὴρ
2660 1268 2755 1318 καί
2793 1269 2820 1319 ὁ
2848 1264 2995 1327 Υἱὸς,
3026 1263 3087 1315 οὐ
3127 1260 3215 1314 διὰ
3245 1259 3402 1313 τοῦτο
3436 1259 3619 1327 μέντοι
3652 1256 3905 1323 λέγεται,

2342 1358 2463 1410 οὐδὲ
2493 1356 2717 1424 εὓρηται
2749 1356 2841 1409 τὸν
2879 1354 3004 1407 Υἱὸν
3040 1354 3102 1404 ὲκ
3124 1351 3220 1421 τῆς
3244 1350 3428 1411 οὐσίας
3470 1345 3663 1401 ἑαυτοῦ
3704 1347 3911 1412 γεννᾶ-

2345 1446 2490 1508 σθαι,
2528 1443 2644 1496 ἀλλ’
2682 1443 2802 1495 οὐδὲ
2836 1442 2925 1494 τὸν
2974 1441 3193 1510 Πατέρα
3253 1439 3316 1489 ἑκ
3365 1439 3463 1505 τῆς
3517 1435 3704 1496 οὐσίας
3756 1429 3909 1486 εἶναι

2340 1535 2433 1588 τοῦ
2490 1534 2643 1600 Υίοῦ,
2702 1532 2861 1585 τοῦτο
2910 1531 3017 1600 γὰρ
3079 1530 3180 1599 τὴν
3234 1531 3291 1581 ὲν
3338 1526 3529 1598 Τριάδι
3570 1525 3690 1577 «τῶν
3734 1524 3910 1577 θείων

2344 1626 2646 1695 προσώπων
2700 1625 2850 1687 τάξιν
2908 1622 3197 1692 ἀνατρέπει
3223 1636 3237 1649 °
3284 1619 3376 1672 τὸν
3421 1620 3537 1671 ἴσον
3573 1616 3774 1684 τρόπον
3803 1614 3910 1667 καὶ

684 1714 764 1767 Ad
795 1716 1045 1768 eumdem
1098 1715 1315 1769 modum
1358 1715 1521 1769 etiam
1550 1715 1617 1769 de
1660 1714 1889 1782 Spiritu,
1926 1715 1969 1767 si
2033 1714 2241 1767 dicatur

2352 1717 2473 1785 περὶ
2511 1714 2603 1767 τοῦ
2659 1713 2979 1782 Πνεῦματος
3011 1750 3027 1774 ,
3084 1711 3132 1762 εί
3170 1710 3381 1775 λέγοιτο
3432 1708 3497 1759 ὲκ
3553 1704 3653 1773 τῆς
3708 1704 3908 1764 οὐσίας

691 1822 756 1856 cx
788 1805 1091 1858 substantia
1152 1820 1270 1858 esse
1311 1804 1482 1857 Patris
1534 1812 1589 1857 ct
1632 1803 1774 1865 Filii,
1804 1814 1951 1855 certe
1984 1816 2085 1853 non
2121 1816 2243 1868 pro.

690 1903 872 1962 pterea
903 1909 1122 1948 necesse
1153 1902 1256 1955 est,
1292 1894 1535 1947 utetiam
1578 1909 1640 1947 ex
1668 1893 1968 1945 substantia
1996 1907 2090 1944 sua
2115 1905 2241 1945 esse

688 1984 933 2046 dicatur;
965 1985 1221 2052 quoniam
1255 1985 1401 2037 nulla
1433 1999 1663 2052 persona
1696 1984 1788 2036 dat
1812 1983 1915 2037 sibi
1945 1982 2243 2036 subsisten-

689 2083 856 2134 ttam;
896 2090 1068 2141 neque
1100 2075 1213 2143 ipse
1245 2075 1327 2126 sui
1369 2075 1540 2142 ipsius
1568 2083 1652 2127 est
1696 2074 2049 2143 causa,juxta
2081 2069 2241 2140 quam

692 2180 823 2219 sane
854 2166 1117 2237 rationem
1176 2180 1352 2233 neque
1411 2164 1648 2232 Spiritus
1698 2179 1756 2218 se
1812 2164 1987 2231 ipsum
2019 2163 2131 2225 dat,
2161 2161 2242 2214 vel

696 2253 884 2306 mittit.
913 2253 1047 2306 Mitti
1074 2262 1252 2307 autem
1301 2269 1524 2307 necesse
1558 2262 1640 2307 est
1679 2252 1745 2305 ab
1767 2268 1851 2315 eo,
1888 2268 1917 2305 a
1950 2266 2056 2319 quo
2082 2250 2243 2305 etiam

691 2344 1068 2398 cxsistentiam
1105 2344 1308 2407 habet;
1345 2344 1583 2413 alioquin
1636 2352 1841 2397 tantum
1878 2359 1906 2396 a
1936 2343 2070 2397 Filio
2111 2344 2243 2396 mis-

700 2447 818 2496 sus,
849 2448 956 2486 non
985 2442 1163 2486 tamen
1187 2442 1241 2487 et
1271 2433 1339 2487 ab
1365 2435 1480 2501 ipso
1513 2435 1805 2503 accipiens,
1831 2436 2025 2489 Filium
2061 2444 2247 2489 osten-

696 2526 874 2588 deret,
919 2539 1023 2576 non
1066 2523 1268 2589 omnia,
1316 2539 1435 2591 qua:
1470 2525 1644 2578 Patris
1700 2535 1845 2589 sunt,
1880 2540 2003 2579 cum
2050 2526 2245 2579 habere

592 2638 596 2645 ι
694 2615 1240 2679 incommutabiliter;
1296 2630 1472 2683 neque
1546 2630 1888 2668 communem
1968 2616 2246 2669 amborum

698 2708 965 2777 Spiritum
1002 2718 1247 2762 sanctum
1284 2708 1564 2776 :equaliter
1594 2709 1723 2775 ipsis
1764 2724 1905 2763 esse.
1932 2708 2081 2761 Itane
2121 2722 2250 2762 vero

698 2814 912 2865 aequum
941 2799 1133 2851 esset?
1165 2798 1256 2866 qui
1288 2810 1372 2851 est
1398 2800 1681 2851 character
1726 2800 2078 2868 liyposmseos
2111 2800 2248 2867 ejus,

2340 1803 2483 1858 εῐκναι
2516 1804 2607 1856 τοῦ
2638 1805 2842 1870 Πατρὺς
2872 1802 3082 1856 καὶτοῦ
3118 1802 3271 1864 Υἱοῦ,
3302 1803 3362 1855 οὐ
3392 1803 3565 1871 δήπου
3604 1801 3691 1855 διὰ
3718 1800 3904 1853 ταῦτα.

2340 1897 2554 1965 ἀνάγκη
2583 1894 2675 1949 καὶ
2704 1896 2767 1948 ὲκ
2812 1896 2911 1965 τῆς
2940 1894 3126 1956 οὐσίας
3178 1894 3371 1947 ἑαυτοῦ
3426 1893 3681 1960 λέγεσθαι
3728 1890 3913 1946 εἶναι’.

2342 1989 2465 2040 ἐπεὶ
2510 1987 2659 2039 οὐδὲν
2705 1985 2992 2054 πρόσωπον
3047 1985 3333 2052 ὑφίστησιν
3372 1983 3562 2046 ἑαυτὸ,
3601 1983 3712 2035 οὐδ’
3738 1981 3909 2044 αὐτὸς

2344 2079 2536 2133 ἑαυτοῦ
2582 2080 2730 2130 ἐστιν
2780 2077 2948 2137 αἰτία,
2994 2077 3116 2129 καθ’
3149 2076 3208 2128 ὃν
3254 2076 3318 2145 δὴ
3370 2075 3525 2141 λόγον
3573 2075 3633 2125 τὸ
3669 2072 3904 2141 Πνεῦμα

2342 2171 2462 2224 οὐδὲ
2488 2168 2644 2222 ἑαυτὸ
2670 2168 2883 2221 δίδωσιν
2908 2168 2940 2239 ἢ
2974 2167 3200 2235 πέμπει.
3236 2166 3557 2236 Πέμπεσθαι
3583 2165 3639 2217 δὲ
3674 2164 3901 2232 ἀνάγκη

2345 2262 2473 2331 παρ’
2502 2252 2562 2313 οὗ
2595 2261 2685 2314 καὶ
2714 2259 2809 2328 τὴν
2864 2258 3094 2329 ὓπαρξιν
3144 2259 3255 2327 ἔχει
3284 2275 3297 2290 ·
3345 2259 3517 2320 ἄλλως
3571 2258 3676 2327 γὰρ
3731 2257 3900 2326 μόνον

2345 2353 2492 2420 παρά
2530 2331 2638 2403 ’τοῦ
2675 2351 2801 2403 Υἰοῦ
2832 2351 3197 2420 πεμπόμενον,
3246 2349 3306 2402 οὐ
3502 2350 3596 2402 καὶ
3641 2347 3700 2411 ἐξ
3728 2346 3902 2401 αὐτοῦ

2346 2443 2638 2512 λαμϐάνον,
2673 2443 2762 2494 τὸν
2812 2442 2936 2495 Υίὸν
2969 2442 3034 2495 ἂν
3079 2441 3286 2493 ἐδείκνυ
3340 2442 3415 2510 μὴ
3456 2426 3658 2493 πάντ-α’
3685 2440 3753 2492 τὰ
3806 2436 3905 2489 τοῦ

2348 2530 2559 2597 Πατρδς
2591 2529 2750 2581 αὐτὸν
2778 2528 2922 2597 ἔχειν
2952 2528 3405 2597 ἀπαραλλάκτως,
3440 2526 3575 2594 μηδὲ
3621 2526 3682 2577 τὸ
3716 2528 3904 2577 κοινὴν

2349 2619 2549 2687 ἀμφοῖν
2583 2618 2736 2683 ἅγιον
2784 2615 3009 2685 Πνεῦμα
3070 2617 3262 2683 ἐπίσης
3311 2617 3493 2679 αὐτοῖς
3532 2610 3694 2669 εἶναι.
3744 2615 3910 2667 Οὕτω

2350 2710 2397 2761 δ’
2428 2708 2493 2760 ἃν
2531 2709 2739 2769 δίκαιος
2764 2705 2848 2776 ἦν,
2882 2709 2937 2769 ὃς
2970 2708 3086 2760 ἐστι
3115 2707 3397 2775 χαρακτὴρ
3425 2706 3521 2772 τῆς
3552 2705 3910 2765 ὑποστάσεως

2351 2798 2539 2862 αὐτοῦ,
2576 2800 2671 2851 καὶ
2716 2798 2877 2851 εἰκὼν
2922 2797 3337 2865 ἀπαράλλακτος
3404 2796 3497 2848 καὶ
3549 2794 3643 2847 τοῦ
3694 2793 3915 2862 Πατρδς

696 2896 859 2956 atque
892 2888 1067 2956 imago
1096 2888 1579 2952 incommutabilis,
1619 2890 1902 2959 Patrisque
1933 2890 2175 2943 deﬁnitio
2197 2899 2247 2942 et

2352 2888 2474 2956 ὄρος
2505 2889 2593 2939 καὶ
2628 2888 2795 2955 Λόγος
2829 2904 2843 2951 ;
2892 2887 2981 2950 Ἐξ
3024 2880 3097 2940 ὧν
3126 2887 3283 2955 δῆλος
3318 2886 3410 2938 καὶ
3438 2887 3465 2937 ὁ
3492 2884 3585 2936 τοῦ
3636 2883 3710 2952 μὴ
3762 2884 3916 2951 πέμ-

702 2979 972 3031 \'crbum?
1006 2979 1082 3032 Ex
1114 2994 1222 3048 quo
1273 2988 1423 3047 patet
1465 2980 1622 3042 ratio,
1658 2996 1825 3048 quare
1872 2997 1976 3034 non
2008 2981 2247 3033 mittatur

2354 2975 2550 3028 πεσθαι
2595 2975 2684 3028 τὸν
2718 2976 2935 3044 Πατέρα
2960 2976 3136 3042 λόγος.
3180 2974 3336 3026 Ἐπεὶ
3384 2975 3491 3041 γὰρ
3532 2974 3610 3034 ὡς
3660 2972 3913 3033 ἀναίτιος

700 3068 879 3124 Pater.
910 3068 1174 3133 Quoniam
1206 3070 1352 3122 enim
1387 3076 1643 3137 tanquam
1678 3071 1987 3125 incausatus
2034 3088 2139 3124 non
2170 3082 2247 3124 cst

2353 3068 2452 3118 οὐκ
2483 3065 2631 3117 ἔστιν
2656 3067 2718 3117 ἐκ
2748 3082 2909 3127 τινος,
2941 3064 3027 3117 διὰ
3059 3064 3219 3118 τοῦτο
3251 3065 3381 3118 οὐδὲ
3400 3062 3550 3129 παρά
3572 3079 3716 3125 τινος
3763 3064 3901 3116 άπο-

700 3154 769 3207 ab
798 3155 1001 3223 aliquo,
1034 3155 1240 3210 idcirco
1282 3171 1456 3223 neque
1489 3158 1557 3211 ab
1590 3157 1770 3226 aliquo
1801 3159 1938 3212 mitti
1985 3159 2037 3211 in
2088 3159 2253 3213 sacris

702 3244 997 3314 Seripturis
1020 3261 1273 3315 expresse
1305 3247 1527 3304 dicitur.
1842 3266 1845 3267 '

1289 3359 1514 3414 CAPUT
1572 3361 1664 3415 XI.

703 3446 852 3510 Quod
896 3448 1123 3523 alterunt
1159 3450 1497 3523 objectiorne‘rn
1539 3451 1721 3523 iisdem
1754 3451 2002 3518 inferunt,
2036 3470 2150 3523 qua:
2180 3462 2253 3507 est

908 3534 971 3569 ex
1001 3519 1197 3570 duobus
1223 3521 1505 3587 principiis,
1543 3531 1591 3572 et
1623 3520 1776 3588 hujus
1806 3522 2015 3575 solutio.

772 3607 923 3670 Quod
953 3623 1081 3660 vero
1116 3624 1306 3663 rursus
1350 3611 1635 3679 objiciunt,
1676 3604 1921 3678 ejusdem
1962 3613 2149 3665 farina:
2174 3623 2258 3667 est

705 3705 1081 3761 argumentum
1110 3713 1123 3758 ;
1151 3711 1269 3750 esse
1298 3698 1441 3750 enim
1474 3698 1609 3751 duas
1645 3712 1832 3752 causas
1863 3699 2094 3768 Spiritus
2123 3700 2259 3753 falso

712 3786 1069 3847 mentiuntur,
1099 3784 1143 3838 si
1197 3787 1318 3854 quis
1363 3786 1503 3841 hunc
1552 3802 1617 3839 ex
1671 3788 1971 3855 substantia
2000 3789 2175 3841 Patris
2204 3799 2260 3843 et

709 3870 830 3923 Filii
862 3873 1081 3927 dixerit.
1109 3876 1313 3930 Verum
1341 3876 1446 3931 hoc
1489 3894 1597 3930 non
1633 3879 1809 3942 nobis,
1843 3880 1934 3932 sed
1965 3879 2260 3947 Scriptura:

709 3976 873 4033 atque
919 3966 1235 4025 doctoribus
1289 3971 1523 4039 objiccre
1556 3988 1652 4041 par
1702 3983 1804 4027 est.
1836 3972 1898 4025 ili
1931 3972 2075 4025 enim
2112 3982 2258 4035 sunt,

708 4059 800 4123 qui
863 4058 1122 4127 Spiritum
1164 4076 1232 4115 ex
1286 4062 1585 4117 substantia
1636 4063 1815 4117 Patris
1875 4074 1929 4118 et
1979 4065 2099 4117 Filii
2140 4078 2261 4117 esse

712 4147 1014 4216 tlteologice
1044 4150 1355 4215 disserunt;
1390 4162 1444 4205 et
1475 4170 1539 4206 ex
1591 4154 1855 4208 ambobus
1884 4154 2047 4217 mitti,
2076 4163 2129 4206 et
2169 4170 2262 4221 per

683 4237 909 4301 .Filium
937 4240 1251 4307 procedere,
1277 4251 1435 4310 atque
1470 4259 1533 4317 ex
1567 4244 1723 4299 Patre
1766 4259 1827 4297 ac
1868 4244 2003 4297 Filio
2034 4260 2173 4308 esse,
2209 4252 2263 4298 et

2355 3156 2664 3210 στέλλεσθαι
2691 3156 2907 3225 λέγεται
2939 3156 2996 3209 ὲν
3027 3157 3144 3219 ταῖς
3170 3156 3411 3226 Γραφαῖς
3440 3152 3759 3225 διαρρήδην.

2944 3358 3193 3412 ΚΕΦΑΛ.
3230 3358 3305 3411 ΙΑ
3320 3396 3334 3410 .

2354 3450 2481 3527 τὈτς
2519 3449 2615 3527 καί
2642 3449 2849 3527 ὲ-τέρρν
2873 3450 3185 3527 dﬂigam}!
3208 3450 3568 3527 τοῖς-αὐτοῖς
3611 3447 3915 3527 ἐπάγουσι

2425 3521 2538 3585 τὴν
2568 3520 2684 3572 ἀπὸ
2720 3519 2837 3572 τῶν
2863 3519 2972 3573 δύο
3010 3518 3229 3586 ἀρχῶν,
3265 3520 3362 3591 καὶ
3390 3520 3570 3583 λύσις
3599 3518 3812 3585 αὐτῆς.

2430 3614 2494 3664 Ὃ
2521 3612 2575 3665 δὲ
2614 3612 2803 3681 ἕτερον
2830 3611 3211 3684 ἀντεπάγουσι,
3239 3613 3336 3679 τῆς
3374 3611 3543 3678 αὐτῆς
3593 3609 3620 3661 ὃ
3648 3610 3709 3677 δὴ
3745 3608 3918 3677 λέγε-

2356 3720 2445 3755 ται
2477 3703 2795 3771 κεραμείας*
2838 3698 2979 3755 εἶναι
3015 3704 3121 3772 γὰρ
3151 3703 3243 3755 δύο
3276 3703 3425 3754 αίτια
3451 3700 3545 3753 τοῦ
3587 3698 3921 3767 Πνεῦματπ

2358 3793 2821 3860 καταψεύδονται,
2879 3794 2927 3842 εί
2967 3791 3122 3844 τοῦτό
3160 3810 3243 3853 τις
3289 3795 3353 3843 ὲκ
3408 3792 3509 3859 τῆς
3568 3791 3752 3853 οὐσίας
3813 3790 3919 3843 τοῦ

2358 3883 2567 3950 Πατρὸς
2605 3883 2698 3933 καὶ
2744 3881 2836 3932 τοῦ
2884 3880 3017 3931 Υίοῦ
3068 3881 3237 3948 λέγοι.
3283 3881 3442 3935 Ἀλλά
3502 3880 3659 3935 τοῦτό
3713 3898 3772 3945 γε
3807 3882 3925 3951 οὐχ

2360 3974 2507 4041 ἡμῖν,
2540 3973 2604 4039 τῇ
2656 3970 2710 4023 δὲ
2750 3972 2935 4039 Γραφῇ
2981 3971 3073 4021 καὶ¹
3125 3972 3235 4032 τοῖς
3289 3970 3623 4033 διδασκάλοις
3659 3970 3923 4037 ἐγκαλεῖν

2362 4062 2523 4124 εἰκός.
2547 4056 2704 4114 Οὗτοι
2733 4064 2839 4129 γάρ
2878 4061 3014 4111 εἰσιν
3044 4061 3093 4112 οἱ
3143 4060 3204 4112 τὸ
3238 4059 3461 4127 Πνεῦμα
3504 4060 3567 4112 ἐκ
3600 4060 3694 4129 τῆς
3723 4060 3926 4123 οὐσίας

2358 4150 2451 4201 τοῦ
2503 4152 2713 4219 Πατρὸς
2767 4151 2862 4202 καὶ
2912 4151 3003 4202 τοῦ
3034 4151 3163 4203 Υίοῦ
3213 4145 3355 4212 εἶναι
3389 4149 3928 4218 θεο).ογοῦντες,καὶ
4003 4218 4007 4219 ί

2352 4239 2493 4311 ,παρ’
2538 4241 2737 4309 ἀμφοῖν
2789 4242 3121 4323 πέμπεσθαι,
3162 4244 3254 4295 καὶ
3296 4242 3385 4296 διὰ
3432 4243 3525 4296 τοῦ
3573 4241 3701 4294 Υἰοῦ
3747 4243 3929 4294 ἐκπο-

716 4327 769 4379 id
823 4344 1012 4395 genus.
1059 4330 1114 4383 Si
1169 4331 1333 4399 igitur
1390 4333 1503 4385 lure
1555 4334 1689 4387 duos
1724 4335 2074 4398 dalores,-vel
2124 4336 2247 4389 duos

2365 4328 2634 4399 ρεύεσθαι,
2672 4330 2762 4399 καὶ
2810 4332 2872 4382 ὲκ
2920 4329 3011 4383 τοῦ
3066 4330 3275 4397 Πατρός
3323 4332 3416 4383 καὶ
3454 4330 3545 4382 τοῦ
3586 4327 3714 4381 Υίοῦ
3746 4323 3925 4393 εἶναι,

714 4431 1003 4482 processus
1059 4427 1113 4469 ct
1166 4434 1358 4474 causas
1409 4422 1595 4474 volunt
1656 4424 1980 4491 signiﬁcare,
2038 4425 2247 4477 omnim

2365 4421 2457 4469 xui.
2488 4420 2660 4469 πάντα
2687 4420 2755 4469 τὰ
2782 4419 3030 4471 τοιαῦτα.⁶
3059 4419 3121 4470 Ei
3148 4421 3327 4472 τοίνυν
3362 4420 3429 4473 τά
3461 4436 3525 4486 γε
3558 4420 3779 4471 τοιαῦτα
3820 4419 3928 4472 δύο

715 4518 889 4570 neque
923 4519 1023 4557 nos
1054 4505 1172 4560 illos
1210 4519 1264 4561 et
1291 4524 1477 4563 eorum
1510 4526 1669 4564 voces
1696 4514 1885 4575 secuti,
1910 4529 2031 4577 cum
2059 4498 2247 4566 nullun

2364 4510 2591 4577 δοτῆρας
2624 4508 2655 4577 ἢ
2686 4509 2777 4560 δύο
2830 4510 3091 4576 προόδους
3145 4511 3242 4562 καὶ
3282 4511 3432 4562 αἴτια
3464 4510 3711 4579 βούλεται
3744 4525 3927 4580 παρι-

648 4662 649 4665 η
714 4602 972 4657 sequatur
1005 4592 1319 4659 absurdum,
1353 4599 1694 4665 arguentium
1728 4602 1920 4654 merito
1945 4603 2268 4656 criminibus

720 4676 941 4729 obnoxii
976 4679 1199 4745 erimus,
1232 4684 1325 4735 sed
1370 4686 1712 4739 manifestum
1762 4700 1862 4747 est,
1897 4692 2039 4755 quod
2084 4691 2152 4742 ab
2182 4704 2245 4742 ac

716 4771 1089 4828 cusatiouibus
1122 4774 1300 4840 liberi,
1333 4791 1455 4831 cum
1501 4778 1607 4833 illis
1640 4790 1951 4835 constanter
1980 4782 2265 4836 stabimus.

789 5030 945 5125 Quod
974 5034 1017 5088 si
1055 5051 1195 5105 opus
1239 5049 1320 5093 est
1364 5040 1452 5095 hic
1498 5043 1661 5097 etiam
1690 5044 1893 5113 aliquid
1927 5047 2129 5103 dicere.
2165 5048 2271 5103 Ne-

724 5137 911 5190 gamus
944 5142 1009 5178 ex
1040 5124 1198 5180 Patre
1258 5140 1376 5184 esse
1433 5132 1719 5201 Spiritum,
1759 5146 2028 5201 quatenus
2067 5147 2147 5190 est
2172 5137 2272 5191 Pa-

729 5225 841 5274 ter;
875 5216 1170 5269 secundum
1194 5219 1334 5271 enim
1369 5232 1610 5276 sanctum
1640 5224 1951 5287 Maximum,
1984 5228 2036 5279 iu
2060 5228 2273 5299 dialogo

728 5308 797 5359 ad
846 5310 1160 5362 Dissimilem
1212 5329 1229 5365 :
1292 5333 1308 5364 ι
1372 5314 1606 5384 Spiritus
1664 5334 1770 5372 non
1823 5319 1980 5373 habet
2035 5322 2269 5375 Patrem.

732 5396 915 5465 Ncqtte
951 5414 1138 5453 rursus
1174 5418 1237 5455 ex
1273 5402 1426 5468 Filio,
1460 5407 1725 5473 quatenus
1754 5421 1833 5463 est
1863 5411 2046 5475 Filius,
2073 5413 2272 5480 quippe

730 5488 896 5539 'r‘ilins
930 5490 992 5541 ad
1022 5490 1232 5545 Patrem
1276 5495 1473 5549 dicitur
1508 5498 1707 5562 Filius;
1743 5503 1988 5566 quamvis
2009 5512 2273 5569 quatenus

730 5577 901 5631 Patris
932 5579 1097 5639 Filius
1157 5594 1345 5639 natura
1381 5602 1558 5650 verus,
1606 5599 1661 5643 et
1713 5589 1852 5643 nulla
1894 5593 2151 5647 varietate
2207 5594 2271 5648 ab

2367 4602 2518 4668 στᾷν,
2550 4601 2610 4652 οὐ
2644 4602 2858 4661 πάντως
2880 4600 2988 4652 οὐδ’
3022 4602 3180 4668 ἡμεῖς
3227 4601 3467 4663 ἐκείνους
3503 4601 3597 4653 καὶ
3637 4602 3733 4665 τὰς
3766 4604 3924 4655 ὲκεί-

2368 4709 2471 4742 νων
2521 4690 2702 4759 φωνὰς
2740 4692 3039 4760 δεχόμενοι,
3085 4688 3306 4759 μηδενδς
3351 4690 3768 4751 ἀκολουθοῦντος
3791 4693 3931 4745 ἀτό⁴

2368 4795 2470 4828 που
2509 4781 2619 4839 τοῖς
2668 4778 2773 4829 τῶν
2824 4779 3159 4846 αἰτιωμένων
3187 4778 3496 4846 ἐγκλήμασι
3530 4778 3748 4839 δικαίως
3780 4778 3932 4831 ὑπο-

2369 4855 2690 4936 κεισᾏμεθα·
2721 4868 2851 4919 ἀλλὰ
2880 4868 3057 4937 δῆλον,
3091 4868 3165 4929 ὡς
3208 4868 3317 4919 τῶν
3355 4867 3714 4935 ἐγκλημάτων
3764 4868 3928 4920 ἐλεύ-

2372 4959 2518 5026 θεροι
2551 4958 2669 5026 μετ’
2701 4959 2922 5010 ἐκείνων
2967 4957 3285 5025 ἐστήξομεν.

2445 5049 2503 5099 lii
2531 5048 2585 5099 δὲ
2608 5049 2689 5101 δεῖ
2716 5068 2766 5101 τι
2812 5048 3085 5100 κάνταῦθα
3141 5050 3336 5111 εἰπεῖν,
3387 5049 3446 5099 οὐ
3501 5064 3679 5116 φαμεν
3719 5050 3781 5101 ὲκ
3820 5049 3925 5101 τοῦ

2371 5138 2579 5204 Ila-apo;
2615 5134 2753 5189 εἶναι
2784 5138 2845 5188 τὸ
2875 5137 3094 5204 Πνεῦμα
3136 5137 3221 5203 ἐφ’
3253 5138 3374 5188 ὅσον
3402 5139 3518 5189 ἐστὶ
3546 5120 3754 5206 Πατήρτ
3777 5139 3930 5190 κατὰ

2371 5228 2479 5295 γάρ
2508 5227 2593 5278 τὸν
2622 5229 2771 5291 ἅγιον
2798 5226 3045 5295 Μάξιμον
3073 5229 3129 5279 ὲν
3162 5226 3238 5295 τῷ
3268 5228 3419 5292 πρὸς
3462 5227 3771 5293 Ἀνόμοιον
3803 5227 3929 5280 διας

2372 5319 2529 5383 λόγῳ,
2555 5338 2571 5368 ι
2610 5319 2681 5369 Τὸ
2708 5316 2929 5384 Πνεῦμα
2980 5319 3080 5369 οὐκ
3109 5318 3221 5384 ἔχει
3254 5318 3468 5384 Πατέρα
3492 5334 3507 5347 ·
3556 5334 3574 5367 ι
3610 5316 3719 5367 οὐδ’
3758 5316 3823 5368 αὖ
3856 5318 3927 5369 ἐκ

2372 5408 2464 5459 τοῦ
2496 5407 2649 5469 Υῐοῦ,
2703 5407 2894 5473 ἐφόσον
2941 5407 3085 5456 ἐστὶν
3113 5406 3258 5464 Υἱός·
3291 5408 3317 5457 ὁ
3342 5407 3449 5474 γὰρ
3489 5405 3614 5455 Tib‘
3653 5404 3793 5472 πρὸς
3819 5405 3921 5454 τδν

2374 5499 2591 5566 Πατέρα
2616 5498 2829 5563 λέγεται
2861 5496 3008 5556 Υἱόςο
3042 5496 3090 5545 εί
3122 5499 3214 5549 καὶ
3250 5496 3383 5547 καθὸ
3431 5494 3522 5547 τοῦ
3558 5494 3765 5561 Πατρὸς
3795 5493 3930 5555 Υἱὸς

2377 5589 2536 5656 φύσει
2567 5586 2769 5656 ἀληθὴς
2810 5589 2903 5640 καὶ
2962 5585 3378 5656 ἀπαράλλακτος
3430 5584 3593 5653 αὐτῷ,
3637 5585 3819 5636 πάντα
3854 5585 3933 5638 τὰ
