4126 6322
263 290 376 355 925

1173 299 1270 359 DE
1309 299 1818 360 PROCESSIONE
1860 303 2216 364 SPIRITUS
2255 305 2549 369 SANCTI.

3363 309 3469 373 926
3514 264 3519 267 δ

262 404 366 457 τοῦ
412 405 617 473 [ἰατρὸς
662 405 718 457 ἐν
759 403 837 473 τῷ
885 405 1176 472 γεννᾶσθαι
1230 409 1593 474 συνεπάγεται
1622 448 1635 470 ,
1682 410 1802 463 ἀλλά

1927 412 2020 479 illo
2042 411 2318 477 diﬂerens,
2348 414 2530 466 omnia
2564 428 2684 482 qua:
2715 420 2841 467 sunt
2874 412 3046 469 Patris
3085 430 3135 468 ιιι
3164 414 3276 484 ipsa
3305 435 3470 487 gene-

262 495 497 547 καθόσον
524 496 668 547 ἐστὶν
699 496 727 547 6
766 496 953 566 Πατὴρ
985 499 1080 549 καὶ
1117 498 1144 549 6
1177 497 1299 556 Υἱὸς
1327 497 1386 549 ’ἐν
1416 515 1428 528 ·
1476 500 1668 567 ἐφόσον
1708 500 1813 569 γὰρ

260 586 293 637 6
328 587 427 653 μὲν
454 586 567 640 ἐστι
598 588 803 657 Πατὴρ.
832 590 861 641 6
905 591 960 642 δὲ
994 590 1139 652 Υἱὸς,
1172 592 1266 643 καὶ
1314 590 1435 643 οὔτε
1476 593 1503 643 6
1544 591 1669 653 Υἱὸς
1703 592 1812 643 ﬂ:-

258 671 389 741 τὴρ,
438 673 547 725 οὗθ’
588 677 617 728 6
662 677 852 746 Πατὴρ
883 678 1009 740 Υἱὸς
1048 679 1183 730 κατὰ
1232 678 1323 731 τὸν
1359 681 1455 744 τῆς
1495 679 1813 741 ἀντιθέσεως

259 763 373 815 τῶν
406 765 540 833 πρός
568 783 620 817 τι
651 768 831 834 λόγον,
880 769 979 819 οὐκ
1012 769 1149 819 εἰσὶν
1181 769 1262 829 ἓν,
1298 769 1540 835 δηλονότι
1591 768 1676 820 διὰ
1723 768 1812 820 τὸν

259 854 497 924 ἀριθμὸν
529 857 635 908 τῶν
680 860 1003 927 προσώπων
1037 859 1229 924 ἐφόσον
1268 859 1321 910 δὲ
1362 860 1457 926 μία
1484 858 1640 910 οὐσία
1666 859 1812 909 ἐστὶν

260 947 289 996 ὁ
321 946 509 1016 Πατὴρ
545 950 639 1001 καὶ
668 948 695 999 6
718 948 865 1010 Υἱὸς,
901 950 995 1001 καὶ
1040 949 1096 1000 ἒν
1133 949 1272 1001 κατὰ
1323 949 1419 1016 τὴν
1446 948 1813 1017 προϐλητικὴν

258 1035 515 1105 δύναμιν,
558 1037 625 1107 ῆν
651 1038 862 1107 ἀνάγκη
906 1040 1089 1106 κοινὴν
1114 1034 1269 1101 εἶναι,
1311 1039 1533 1109 μηδενὸς
1567 1039 1810 1104 dita-{xi-

260 1128 449 1189 ζοντος
481 1129 822 1197 διῃρημένως
878 1130 1014 1181 ίδίαν
1070 1132 1164 1183 καὶ
1224 1132 1385 1197 μόνου
1448 1129 1539 1193 τοῦ
1600 1128 1811 1196 [ἰατρὸς

259 1212 428 1280 εἶναι,
469 1220 657 1289 ἅσπερ
682 1221 740 1273 τὸ
760 1223 960 1290 εγεννᾷν
986 1223 1045 1272 :6
1076 1221 1171 1273 τοῦ
1212 1221 1420 1289 Πατρός
1452 1220 1810 1271 ὑποστατικδν

256 1308 287 1358 ὁ
313 1308 469 1375 λόγος
512 1309 610 1377 τῆς
635 1310 957 1373 ἀντιθέσεως
985 1312 1045 1363 οὐ
1088 1313 1358 1378 συγχωρεῖ
1391 1310 1569 1361 κοτνὶν
1614 1310 1706 1359 καὶ
1733 1307 1809 1375 τῷ

258 1398 382 1463 Υίῷ
412 1394 572 1452 εἶναι·
617 1400 695 1451 διὸ
741 1403 835 1455 καὶ
867 1402 1204 1469 ἀκοινώνητα
1238 1400 1488 1469 ἀλλήλοις
1531 1398 1721 1459 ταῦτα,
1749 1398 1809 1448 τὸ

256 1490 459 1557 γεννᾷν
506 1489 598 1541 καὶ
632 1491 925 1555 γεννᾶσθαι
950 1508 963 1520 ·
998 1490 1186 1553 ἐφόσον
1217 1489 1269 1540 δὲ
1302 1490 1359 1540 ἓν
1392 1490 1536 1539 ἐστιν
1559 1490 1585 1537 6
1620 1489 1807 1551 Πατί-,ρ

256 1579 359 1630 καὶ
389 1582 415 1631 6
448 1580 594 1643 Υίὺς,
633 1582 692 1632 τὸ
732 1579 949 1650 Πνεῦμα
983 1581 1040 1631 :6
1065 1582 1215 1644 ἆγιον
1256 1583 1318 1632 ἐκ
1340 1580 1432 1632 τοῦ
1476 1580 1682 1647 Πατρδς
1715 1580 1806 1628 καὶ

254 1670 357 1721 τοῦ
392 1671 517 1723 Υῐοῦ
552 1667 689 1723 εἶναι
714 1676 943 1739 λέγεται.
976 1673 1035 1723 Εί
1074 1672 1129 1723 δὲ
1168 1674 1227 1723 :6
1264 1673 1339 1735 ἓν,
1373 1674 1398 1722 ὃ
1422 1671 1473 1721 τί
1503 1670 1631 1721 ποτέ
1662 1672 1805 1720 ἐστιν

252 1762 457 1824 αὐτῶν,
498 1762 593 1814 καὶ
628 1764 660 1830 ἡ
700 1762 924 1831 δύναμις
963 1762 1095 1830 αὕτη
1133 1764 1229 1831 μία
1263 1764 1351 1812 καὶ
1382 1764 1412 1829 ή
1443 1762 1598 1827 αὒτὴ,
1645 1760 1800 1828 εἰδη-

251 1853 349 1904 λον
404 1854 484 1905 ὅτι
530 1852 587 1904 ἓν
630 1852 722 1903 τίιῦ
785 1853 1093 1919 Πνεύματος
1150 1852 1318 1905 αἴτιον
1365 1854 1391 1904 6
1445 1851 1628 1918 Πατὴρ
1661 1852 1750 1903 καὶ
1781 1852 1807 1900 6

252 1945 408 2010 Υἱὸς,
432 1945 530 1996 οὐκ
563 1947 753 2010 ἐφ’ῗσον
794 1946 896 1996 εἰσὶ
928 1947 1040 2003 δύο,
1074 1946 1184 1996 ἀλλ’
1216 1943 1406 2009 ἐφόσον
1436 1943 1645 2004 ἐνμΚαὶ
1684 1941 1804 1992 οὔτε

263 2038 533 2105 σύγχυσις
604 2038 666 2087 ἐκ
716 2036 917 2088 τούτων
976 2034 1279 2096 ἀκολουθεῖ,
1340 2034 1438 2101 τῆς
1481 2034 1807 2101 διακρίσεως

255 2126 373 2177 τῶν
406 2125 711 2193 προσώπων
748 2126 838 2175 τοῦ
879 2125 1092 2189 Πατρός
1133 2124 1228 2176 καὶ
1279 2122 1536 2179 τοῦΎὶοὖ
1581 2121 1718 2173 κατὰ
1751 2118 1808 2170 τὸ

251 2218 455 2283 γεννᾷν
503 2217 593 2266 καὶ
640 2214 935 2280 γεννᾶσθαι
973 2213 1408 2281 φυλαττομένης,
1442 2211 1616 2279 οὗθ’·ί)
1669 2212 1807 2262 κατὰ

250 2308 360 2375 τὴν
397 2305 603 2376 Τριάδα
635 2306 789 2368 τάξις
818 2306 1060 2357 ὁπωσοῦν
1094 2305 1393 2364 διαπίπτει,
1445 2304 1566 2354 οὐδέ
1599 2320 1649 2353 τι
1697 2301 1806 2351 τῶν

247 2397 356 2463 τῆς
405 2396 618 2463 Γραφῆε
674 2397 765 2448 καὶ
798 2396 905 2446 τῶν
954 2395 1281 2447 διδασκάλων
1321 2396 1567 2445 κινεῖται.
1593 2392 1806 2457 Ὥσπερ

249 2488 367 2555 γὰρ
394 2485 483 2539 τοῦ
521 2487 677 2554 ἁγίου
722 2487 1033 2553 Πνεύματος
1068 2489 1128 2536 ἐκ
1181 2485 1271 2535 τοῦ
1308 2483 1515 2551 Πατρός
1575 2482 1662 2533 διὰ
1714 2481 1805 2533 τοῦ

248 2574 390 2628 Υἱοῦ
425 2574 780 2643 πεμπομένου
819 2575 914 2643 μιᾷ
957 2574 1100 2625 δόσει
1134 2574 1225 2625 καὶ
1257 2574 1355 2642 μιᾷ
1382 2572 1615 2641 χορηγίᾳ.
1664 2570 1807 2638 πέμ-

247 2665 449 2717 πεσθαί
495 2682 657 2735 φησιν
706 2667 733 2716 6
770 2665 938 2733 μέγας
967 2664 1144 2731 πατὴρ
1193 2662 1488 2725 Βασίλειος,
1532 2660 1670 2713 οὕτω
1712 2659 1807 2711 καὶ

250 2754 348 2806 διὰ
401 2754 493 2806 τοῦ
538 2754 666 2805 Υίοῦ
718 2756 780 2805 ἐκ
816 2753 907 2805 τοῦ
962 2755 1169 2820 Πατρός
1210 2749 1658 2819 ἐκπορευομένου,
1707 2748 1805 2815 μιᾷ

249 2844 467 2912 προόδῳ
516 2841 609 2894 καὶ
678 2840 925 2910 ἐνεργείᾳ
984 2844 1075 2903 καὶ
1126 2838 1351 2905 δυνάμει
1409 2836 1584 2905 φαμὲν
1636 2837 1802 2887 ἐκποσ

248 2929 538 3001 ρεύεσθαι.

1922 506 2127 557 ratione
2153 515 2336 557 secum
2363 504 2572 569 trahat;
2604 506 2697 559 sed
2732 514 2999 571 quatenus
3028 507 3187 560 Pater
3213 518 3275 562 et
3299 509 3470 563 Filius

1918 604 2046 647 sunt
2102 609 2291 646 unum.
2338 594 2552 647 Etenim
2601 603 2871 663 quatenus
2924 598 3009 650 hic
3055 598 3270 665 quidem
3311 601 3467 655 Pater

1919 695 2023 750 est,
2052 687 2141 741 hic
2189 697 2368 741 autem
2424 688 2612 753 Filius,
2638 698 2694 743 et
2742 702 2919 757 neque
2960 690 3130 745 Filius
3177 702 3259 746 est
3291 691 3471 755 Pater,

1921 791 2097 844 neque
2126 777 2283 830 Pater
2313 776 2487 830 Filius
2533 777 2829 830 secundum
2867 781 3131 831 rationem
3173 779 3472 847 oppositio-

1922 866 2006 917 nis
2037 866 2409 929 rtlativorum,
2447 883 2555 919 non
2588 876 2715 921 sunt
2756 883 2944 928 unum,
2972 867 3221 922 videlicet
3248 879 3472 938 propter

1918 971 2208 1009 numerum
2265 972 2645 1024 personarum.
2676 959 2954 1022 Quatenus
3004 968 3182 1011 autem
3212 970 3325 1010 una
3358 962 3475 1012 sub—

1916 1044 2110 1096 stantia
2134 1052 2214 1097 est
2252 1047 2411 1099 Pater
2438 1057 2491 1099 et
2514 1047 2701 1109 Filius,
2725 1055 2780 1099 et
2808 1063 2974 1099 unum
3008 1048 3321 1102 secunduu‘i‘
3356 1054 3478 1115 pro-

1914 1133 2186 1186 ductivam
2215 1136 2532 1201 ροιοιιιῐιιηι,
2562 1150 2723 1204 quam
2758 1152 2977 1191 necesse
3014 1147 3096 1191 est
3125 1154 3475 1198 communem

1915 1236 2051 1281 esse.
2076 1238 2195 1275 cum
2222 1224 2349 1276 nihil
2371 1234 2545 1292 cogat,
2562 1235 2619 1277 ιιι
2641 1226 2929 1293 separatim
2961 1228 3177 1294 propria
3206 1228 3275 1281 sit
3308 1245 3471 1297 atque

1915 1311 2079 1363 solius
2131 1312 2323 1374 Patris,
2361 1313 2828 1380 quemadmodum
2858 1329 3119 1385 generare
3154 1316 3471 1368 constituti-

1914 1416 2038 1452 vum
2087 1399 2278 1463 Patris,
2311 1403 2669 1470 oppositionis
2693 1404 2829 1456 ratio
2858 1419 2962 1457 non
2995 1405 3280 1472 permittit,
3309 1413 3365 1457 ut
3394 1405 3468 1458 sit

1913 1491 2183 1542 Communi
2218 1492 2394 1555 Filio;
2434 1492 2636 1546 ideirco
2672 1502 2725 1546 ct
2760 1494 3292 1548 iucommunicabilia
3343 1503 3471 1547 sunt

1916 1578 2026 1629 hrcc
2063 1594 2316 1643 generare
2359 1594 2421 1632 ac
2456 1584 2699 1647 generari
2728 1597 2742 1644 ;
2767 1589 2821 1633 at
2846 1597 2971 1633 vero
3000 1592 3270 1649 quatenus
3299 1598 3467 1635 unum

1913 1675 1996 1718 est
2021 1666 2176 1720 Pater
2199 1669 2453 1731 etFilius,
2490 1685 2552 1723 ex
2576 1670 2731 1723 Patre
2760 1682 2812 1723 et
2836 1671 2970 1723 Filio
2995 1672 3227 1736 Spiritus
3253 1680 3471 1723 sanctus

1908 1759 2262 1812 essedicitur.
2290 1760 2502 1823 Quodsi
2539 1762 2667 1814 illud
2716 1779 2905 1823 tluum,
2950 1760 3211 1829 quidquid
3252 1760 3468 1813 tandem

1907 1844 2039 1897 illud
2075 1846 2144 1898 sit
2173 1847 2222 1898 in
2265 1848 2487 1915 ipsis.et
2516 1851 2748 1916 potentia
2777 1850 2887 1903 lure
2919 1866 3021 1902 una
3048 1858 3147 1914 est,
3172 1858 3227 1903 et
3255 1848 3468 1911 eadem,

1913 1936 2259 1988 manifestum
2288 1947 2393 2000 est,
2422 1939 2565 2003 quod
2596 1954 2698 1990 una
2749 1955 2906 1992 causa
2931 1942 3091 1992 Pater
3112 1949 3165 1991 et
3192 1940 3359 1991 Filius
3385 1948 3470 1992 est

1912 2024 2145 2091 Spiritus
2181 2027 2371 2089 sancti,
2403 2042 2507 2079 non
2541 2038 2806 2095 quatenus
2834 2029 2940 2082 duo
2969 2038 3116 2089 sunt,
3146 2029 3237 2081 sed
3278 2037 3469 2097 quate-

1911 2129 2017 2166 nus
2046 2130 2235 2167 unum.
2299 2115 2361 2169 Et
2406 2132 2581 2184 neque
2634 2120 2882 2171 conlusio
2932 2122 2995 2172 ex
3057 2121 3140 2172 his
3199 2119 3466 2186 sequitur,

1912 2223 2036 2259 cum
2095 2218 2342 2262 servetur
2392 2210 2668 2264 distinctio
2709 2228 3062 2280 personarum
3114 2214 3165 2265 in
3221 2229 3285 2266 co
3319 2212 3466 2281 quod

1913 2309 2156 2366 generat,
2194 2310 2243 2351 et
2288 2314 2597 2368 generatur,
2639 2318 2811 2370 neque
2858 2304 2990 2355 ordo
3032 2303 3082 2355 in
3125 2304 3467 2367 sanctissima

1910 2388 2176 2441 Trinitatc
2210 2390 2317 2442 ullo
2348 2391 2509 2443 modo
2544 2393 2673 2450 ruit.
2708 2401 2762 2444 et
2793 2392 2935 2444 dicta
2961 2393 3272 2460 Scriptum,
3304 2402 3468 2462 atque

1911 2478 2192 2532 doctorum
2227 2495 2324 2532 suo
2370 2481 2487 2533 loco
2535 2490 2771 2535 manent.
2810 2483 3273 2548 Quemadmodum
3321 2483 3465 2537 enim

1913 2568 2113 2636 Spiritu
2168 2579 2355 2622 sancto
2407 2586 2471 2623 ex
2522 2572 2679 2625 Patre
2721 2588 2816 2638 per
2868 2572 3060 2624 Filium
3108 2574 3305 2635 misso,
3361 2589 3465 2625 una

1911 2659 2269 2721 exhibitione,
2314 2667 2475 2726 atque
2526 2677 2628 2713 una
2686 2662 3000 2726 erogatione
3034 2677 3155 2715 eum
3193 2662 3353 2724 mitti,
3385 2662 3467 2714 in-

1910 2747 2029 2813 quit
2064 2763 2290 2815 magnus
2321 2750 2476 2802 Pater
2501 2749 2751 2811 Basilius,
2784 2754 2861 2804 sic
2905 2754 3063 2805 etiam
3096 2768 3157 2805 ex
3189 2752 3347 2805 Patre
3372 2768 3466 2821 per

1910 2838 2105 2892 Filium
2133 2839 2339 2907 Spiritu
2368 2842 2717 2909 procedente.
2756 2859 2858 2898 una
2901 2844 3270 2911 proeessiune,
3302 2853 3467 2911 atque

1910 2931 2141 2991 actione,
2174 2932 2520 2997 potentiaque
2548 2933 2780 2985 dicimus
2809 2948 2932 2985 eum
2966 2933 3285 2999 procedere.

328 3020 449 3070 Ἔτι
496 3017 768 3088 πανταχοῦ
816 3015 975 3085 ήδιὰ
1014 3015 1098 3083 ἐφ’
1158 3008 1232 3070 ὧν
1297 3014 1798 3082 παραλαμόἀνεται,

1981 3022 2283 3085 Praeterea,
2340 3023 2540 3090 ubique
2597 3024 2904 3093 prmpositio
2968 3039 3095 3092 per,
3151 3023 3203 3075 in
3264 3024 3465 3091 quibus

244 3110 332 3181 τῷ
364 3110 469 3181 πρὸ
517 3112 717 3179 ταύτης
767 3112 922 3179 αἰτίῳ
961 3108 1379 3175 συναγωνίζεται
1434 3106 1571 3175 πρὸς
1626 3106 1798 3171 αὐτὴν

244 3206 355 3275 τὴν
384 3204 682 3273 ἐνέργειαν,
710 3203 777 3273 ἢν
803 3204 976 3254 ἐκεῖνο
1012 3202 1217 3252 σκοπεῖ.
1266 3193 1388 3250 Οίον
1450 3200 1476 3249 ό
1509 3198 1702 3265 πρίων,
1736 3196 1799 3248 δι’

244 3288 312 3347 οὗ
359 3298 499 3345 ποιεῖ
540 3294 599 3345 :6
628 3292 827 3362 βάθρον
861 3294 888 3343 6
925 3288 1349 3358 τεκταινόμενος,
1382 3287 1515 3356 πρδς
1542 3288 1715 3338 ἐκεῖνο
1742 3286 1800 3337 :6

246 3386 629 3452 ἀποτέλεσμα,
658 3383 770 3434 ἀλλ’
802 3382 861 3432 ού
905 3381 1037 3449 πρὸς
1082 3379 1390 3450 ἐτερογενὲς
1414 3377 1799 3446 συνεργάζεται

246 3478 332 3545 τῷ
364 3477 597 3549 τεχνίτῃ.
626 3474 699 3527 Ού
727 3472 833 3543 γὰρ
875 3473 937 3543 δὴ
974 3472 1105 3540 πρὸς
1150 3472 1209 3523 :6
1257 3471 1563 3537 θερμαίνειν
1610 3470 1642 3537 ἢ
1683 3470 1799 3519 λευ-

246 3567 462 3620 καίνειν
497 3565 642 3634 αὐτῷ
686 3565 1028 3632 συνεργήσει,
1065 3562 1156 3613 καὶ
1207 3559 1281 3627 τῷ
1319 3559 1526 3610 ἕλκοντι
1575 3560 1636 3610 :6
1688 3575 1798 3626 pm,-

242 3662 473 3729 χάνημα
506 3658 639 3726 πρὸς
684 3656 780 3723 τὴν
814 3655 957 3718 ἕλξιν
982 3652 1074 3704 τού
1111 3652 1325 3720 βάρους·
1359 3652 1449 3704 καὶ
1478 3652 1610 3711 ὅλως
1639 3651 1704 3701 τὰ
1733 3650 1798 3701 δι’

244 3744 325 3803 ὧν
360 3748 567 3813 γίνεταί
618 3764 669 3799 τι
718 3742 1103 3812 συνεργάζεται
1151 3745 1259 3805 τοῖς
1319 3742 1545 3811 πρώτως
1588 3742 1797 3792 κινοῦσι

245 3841 394 3895 κατὰ
419 3841 506 3892 τόν
538 3838 747 3891 ἑαυτῶν
776 3839 976 3907 τρόπον
1009 3832 1253 3886 συναίτια
1304 3834 1511 3895 τούτοις
1546 3834 1799 3900 γινόμενα

243 3935 277 4002 ἦ
332 3933 408 3994 ὡς
456 3931 685 3999 ὄργανα,
728 3931 758 3998 ἦ
789 3930 961 3990 ἄλλως
990 3942 1106 3988 πως
1133 3928 1311 3987 αὐτοῖς
1342 3925 1659 3992 βοηθοῦντα.
1693 3921 1798 3975 Ἦν

241 4025 291 4078 δ’
330 4023 396 4075 ἂν
419 4023 513 4073 καὶ
539 4019 707 4073 ταῦτα
740 4020 835 4071 καὶ
874 4018 1056 4079 ἁπλῶς
1084 4017 1231 4069 αἴτια
1266 4016 1450 4083 ὥσπερ
1476 4016 1543 4067 τὰ
1575 4017 1791 4080 πρῶτα,

240 4116 294 4167 εἰ
360 4112 432 4181 μὴ
486 4111 736 4180 διάφορος
788 4106 855 4179 ἦν
912 4111 944 4177 ἡ
984 4110 1139 4175 φ’]σις
1198 4107 1383 4165 αύτοῖς
1426 4106 1560 4174 πρὸς
1617 4107 1797 4156 ἐκεῖνα

240 4200 315 4251 τὰ
357 4194 642 4264 χρώμεναο
702 4197 795 4247 καὶ
857 4196 906 4245 oi
957 4195 1051 4261 μὲν
1095 4193 1395 4263 ἄνθρωποι,
1434 4194 1501 4244 τὰ
1538 4193 1580 4244 δ’
1613 4194 1797 4255 ἁπλῶς

196 4332 199 4333 ,
240 4288 459 4355 ὄργανα
498 4284 555 4348 ἐξ
592 4284 757 4354 ἄλλης
789 4284 919 4353 ὕλης
957 4286 1313 4352 πεποιημένα·
1352 4283 1627 4336 καὶτοῦτο
1660 4286 1796 4352 μᾶλ-

1912 3115 2228 3176 assumitur,
2276 3129 2451 3167 causa:
2502 3114 2771 3184 signiﬁcat
2824 3116 3193 3170 antecedentis
3226 3118 3464 3169 medium

1909 3205 2173 3270 adiuvans
2233 3204 2297 3257 ad
2368 3206 2540 3272 ipsum
2624 3206 3011 3279 conficiendam
3070 3207 3463 3273 operationem,

1908 3311 2068 3363 quam
2122 3296 2209 3347 illa
2244 3310 2405 3347 causa
2460 3296 2712 3348 intendit.
2749 3297 2906 3349 Verbi
2932 3297 3125 3364 gratia,
3159 3312 3332 3360 serra,
3369 3312 3465 3362 per

1907 3400 2067 3454 quam
2124 3386 2275 3437 faber
2334 3384 2599 3452 lignarius
2648 3384 2813 3439 ellicit
2868 3385 3263 3447 scaluuum,ad
3316 3385 3461 3437 aliud

1907 3476 2155 3529 eﬂ‘ectum
2189 3476 2358 3543 juvat,
2392 3474 2493 3527 sed
2524 3490 2627 3527 non
2656 3484 2977 3542 cooperatur
3001 3474 3194 3528 artiﬁci
3225 3475 3290 3528 ad
3319 3474 3463 3527 aliud

1906 3566 2106 3619 diversi
2146 3565 2378 3631 generis.
2414 3562 2529 3615 Non
2560 3565 2705 3616 enim
2737 3575 2883 3617 certe
2914 3564 2979 3617 ad
3010 3565 3461 3625 calefaciendum,

1905 3673 1998 3710 seu
2030 3655 2389 3708 dealbandum
2448 3654 2549 3723 ipsi
2608 3654 2920 3723 adiumento
2966 3656 3092 3717 erit,
3138 3664 3192 3707 et
3228 3656 3461 3715 trahenti

1906 3744 2212 3797 machinam
2245 3744 2309 3796 ad
2358 3744 2675 3797 tractionem
2726 3744 3009 3812 ponderis;
3042 3753 3095 3796 et
3126 3745 3346 3797 omnino
3376 3759 3462 3807 ea,

1905 3854 1999 3906 per
2026 3852 2145 3905 qua)
2191 3837 2249 3887 lit
2284 3835 2507 3903 aliquid,
2547 3836 3005 3889 adminiculantur
3034 3836 3209 3904 primo
3244 3852 3465 3888 moveu-

1907 3927 2050 3979 tibus
2123 3925 2417 3979 secundum
2483 3942 2637 3979 suum
2703 3926 2921 3979 modum
2989 3942 3275 3981 coneausze
3332 3926 3465 3995 ipsis

1905 4018 2065 4073 laeta.
2098 4017 2181 4068 vel
2226 4027 2284 4067 ut
2318 4017 2698 4077 instrumenta,
2734 4016 2813 4067 vel
2862 4017 3015 4068 aliter
3045 4018 3175 4084 ipsis
3204 4017 3465 4084 quodam-

1904 4107 2065 4159 modo
2088 4100 2350 4176 juvantia.
2385 4106 2507 4159 llaec
2539 4115 2715 4159 autem
2745 4116 2927 4159 essent
2952 4108 3112 4159 etiam
3144 4106 3465 4175 simplieiter

1904 4212 2100 4258 causaa,
2154 4204 2213 4250 ut
2266 4198 2460 4263 prima,
2512 4197 2609 4249 nisi
2664 4205 2807 4249 esset
2845 4204 3037 4249 natura
3084 4194 3295 4249 diversa
3332 4196 3462 4263 ipsis

1903 4296 2153 4356 respectu
2202 4288 2418 4340 illorum
2477 4304 2597 4356 qua:
2644 4288 2728 4341 his
2760 4295 3021 4350 utuntur;
3063 4296 3119 4341 et
3152 4287 3205 4339 hi
3241 4287 3460 4356 quidem

242 4380 344 4429 λον
391 4377 457 4429 ἂν
491 4372 581 4443 ἦν,
617 4377 773 4444 εἰπερ
803 4374 896 4427 καὶ
935 4376 968 4443 ἡ
1015 4376 1149 4441 αὐτὴ
1192 4372 1256 4443 ἦν
1298 4377 1477 4435 αὐτοῖς
1508 4376 1640 4444 πρὸς
1676 4377 1798 4436 τοὺς

1908 4378 2153 4439 homines
2196 4387 2340 4439 sunt,
2387 4377 2502 4431 haec
2552 4393 2679 4432 vero
2730 4378 3047 4431 simpliciter
3078 4378 3459 4439 instrumenta,

238 4470 569 4539 χρωμένους
603 4469 875 4535 ἐνέργεια.
912 4466 1047 4517 Ἃλλ⁸
1068 4468 1189 4517 ἐπεὶ
1222 4466 1312 4516 τοῦ
1344 4466 1558 4535 Πατρός
1586 4469 1677 4519 καὶ
1706 4466 1799 4517 τοῦ

241 4559 385 4612 Υἱοῦ
428 4559 524 4628 μία
553 4557 630 4627 τῷ
674 4557 894 4627 ἀριθμῷ
925 4559 1085 4623 φύσις
1116 4557 1421 4625 θεωρεῖται,
1450 4559 1543 4608 καὶ
1578 4558 1676 4625 μία
1704 4560 1801 4609 αι)-

236 4652 359 4710 τοῐς
406 4650 499 4701 καὶ
546 4650 817 4717 ἐνέργεια,
863 4649 956 4698 καὶ
997 4642 1075 4707 εἷς
1128 4650 1154 4698 6
1211 4648 1367 4709 αὑτός
1433 4648 1597 4717 ἄμφω
1644 4650 1798 4712 Θεὸς,

241 4741 474 4801 εἰκότως
502 4740 610 4808 ἄρα
648 4742 678 4807 ἡ
735 4739 833 4808 μὲν
870 4738 962 4789 τοῦ
998 4736 1127 4789 λ’ίοῦ
1168 4737 1261 4789 διὰ
1320 4738 1419 4806 τῆς
1468 4738 1559 4791 τοῦ
1594 4740 1801 4809 Πατρδς

236 4833 313 4884 ἐκ
373 4830 513 4883 κατὰ
556 4830 654 4897 τὴν
711 4830 978 4894 σημασίαν
1008 4828 1065 4879 ού
1110 4828 1315 4880 διοίσει·
1375 4828 1489 4881 ἀλλ’
1532 4829 1667 4898 αὑτὴ
1704 4834 1801 4898 μὲν

240 4920 387 4988 πρὸς
436 4918 531 4987 τὴν
580 4918 646 4969 ἐκ
692 4916 1077 4986 μεταϐήσεται,
1112 4918 1292 4986 ἐκείνη
1340 4918 1385 4969 δ’
1419 4914 1487 4971 αὖ
1541 4920 1673 4985 πρὸς
1703 4919 1801 4986 τὴν

237 5008 346 5061 διὰ
384 5009 724 5074 διαϐήσεται,
768 5010 863 5059 καὶ
912 5007 1062 5075 κοινὴ
1117 5008 1209 5058 καὶ
1271 5008 1367 5073 μία
1417 5010 1509 5061 καὶ
1579 5011 1609 5077 ή
1665 5010 1797 5078 αὑτὴ

244 5099 392 5169 μετὰ
424 5099 515 5150 τοῦ
549 5100 759 5167 Πατρδς
785 5100 925 5167 ἀρχὴ
963 5098 1054 5149 τοῦ
1082 5098 1237 5163 ἁγίου
1273 5099 1587 5167 Πνεύματος
1623 5102 1796 5165 ἔσται,

240 5188 397 5252 ἅπαξ
430 5188 857 5256 ὁμολογούμενον
881 5190 1026 5259 παρὰ
1053 5190 1263 5257 Πατρός
1294 5191 1361 5241 δι’
1400 5192 1525 5242 Υἰοῦ
1560 5193 1617 5244 :6
1643 5194 1799 5258 ἅγιον

241 5277 645 5344 ἐκπορεύεσθαι
679 5278 897 5345 Πνεῦμα
924 5295 935 5308 ·
976 5279 1065 5331 καὶ
1124 5278 1334 5331 πάντων
1389 5280 1445 5330 δὲ
1490 5280 1597 5331 τῶν
1632 5283 1799 5347 ἁγίων

240 5365 548 5433 διαρρήδην
607 5366 856 5435 βοώντων
929 5367 1002 5433 μὴ
1057 5367 1279 5435 θεμιτὸν
1343 5362 1481 5418 εἶναι
1535 5368 1797 5438 διασοράν

241 5470 372 5507 τινα
409 5455 505 5506 καὶ
539 5457 785 5509 ὁπωσοῦν
838 5459 927 5507 ἐπὶ
980 5457 1183 5509 τούτων
1214 5466 1319 5509 τῶν
1359 5459 1668 5525 προοέσεων
1709 5462 1796 5511 ἐν·

242 5545 414 5596 νοεῖν·
441 5546 535 5597 καὶ
578 5546 732 5599 τοῦτο
767 5550 859 5601 ἐπὶ
892 5548 997 5599 τῶν
1035 5549 1248 5600 πάντων
1283 5550 1439 5602 θείων
1471 5551 1791 5617 ἀδιορίστως

240 5635 622 5702 ἀξιωσάντων,
674 5642 762 5691 ἐπί
797 5659 851 5693 τε
891 5640 981 5693 τοῦ
1028 5643 1235 5710 Πατρὶς
1284 5644 1374 5694 καὶ
1426 5643 1516 5693 τοῦ
1549 5641 1675 5693 Υίοῦ
1718 5644 1793 5695 διε

1904 4484 1970 4523 ex
2001 4470 2103 4521 alia
2138 4469 2359 4521 materia
2413 4468 2570 4530 facta,
2605 4485 2775 4537 eoque
2830 4470 2995 4537 magis
3051 4479 3232 4522 essent
3263 4486 3459 4534 Causae,

1903 4559 1944 4611 si
1980 4576 2085 4612 una
2120 4569 2174 4613 et
2216 4558 2403 4611 eadem
2452 4569 2593 4611 esset
2631 4560 2875 4627 operatio
2922 4559 3161 4621 illorum,
3200 4569 3252 4612 et
3302 4569 3462 4613 utcu-

1906 4652 2039 4703 tium
2062 4650 2213 4718 ipsis.
2242 4650 2343 4702 Sed
2378 4649 2632 4717 quoniam
2664 4648 2838 4701 Patris
2864 4656 2918 4701 et
2949 4647 3068 4700 Filii
3103 4665 3208 4701 una
3234 4664 3462 4701 numero

1901 4753 2092 4795 natura
2146 4740 2542 4804 consideratur,
2594 4750 2648 4793 et
2697 4757 2801 4793 una
2838 4740 2966 4807 ipsis
2998 4749 3079 4792 est
3112 4741 3371 4807 Operatio,
3400 4747 3453 4792 et

1903 4834 2064 4886 ambo
2104 4843 2233 4886 sunt
2295 4848 2437 4885 unus
2495 4842 2549 4887 et
2598 4833 2738 4885 idem
2770 4832 2932 4893 Deus,
2959 4832 3153 4883 merito
3178 4844 3303 4898 ergo
3340 4830 3456 4882 Filii

1901 4923 2210 4991 prmpositio
2256 4938 2367 4991 per,
2403 4922 2493 4984 ab,
2524 4936 2604 4981 ex,
2633 4921 2809 4973 Patris
2858 4919 3152 4973 secundum
3193 4918 3460 4985 significa-

1904 5015 2105 5066 tionem
2138 5030 2242 5067 non
2271 5012 2548 5076 differunt,
2572 5011 2665 5065 scd
2697 5015 2808 5065 hsce
2846 5008 3061 5078 quidem
3098 5009 3163 5062 ad
3194 5010 3451 5077 prteposi-

1901 5104 2100 5155 tionem
2129 5121 2213 5167 ex,
2266 5104 2353 5156 illa
2400 5118 2528 5155 vero
2577 5118 2765 5155 rursus
2800 5104 2863 5152 ﬂii
2888 5102 3316 5169 praepositionem
3346 5118 3455 5169 per,

1903 5196 2176 5259 transibit,
2209 5203 2264 5247 et
2316 5209 2606 5247 commune
2650 5206 2703 5244 et
2748 5210 2917 5245 unum
2953 5204 3114 5261 atque
3139 5193 3280 5247 idem
3310 5197 3457 5264 prin‘

1900 5287 2103 5353 cipium
2152 5288 2250 5339 erit
2288 5302 2392 5339 una
2424 5302 2546 5339 cum
2602 5286 2759 5338 Patre
2814 5286 3047 5353 Spiritus
3105 5285 3297 5343 sancti.
3331 5302 3452 5337 cum

1897 5372 2053 5438 plane
2088 5373 2138 5423 in
2181 5374 2430 5426 confesso
2468 5374 2559 5432 sit,
2610 5387 2675 5425 ex
2731 5372 2887 5425 Patre
2919 5386 3012 5440 per
3047 5372 3241 5424 Filium
3287 5372 3453 5439 Spiri-

1900 5472 2011 5515 tum
2071 5475 2318 5518 sanctum
2376 5464 2705 5532 procedere,
2759 5479 2989 5532 cumque
3036 5478 3224 5517 omnes
3275 5465 3447 5517 Sancti

1896 5566 2148 5620 expresse
2178 5554 2432 5615 clament,
2487 5572 2590 5608 non
2620 5572 2739 5608 esse
2773 5555 2849 5608 fas
2882 5556 2990 5609 ullo
3017 5557 3173 5609 modo
3195 5554 3451 5608 dili‘ereu-

1899 5647 2024 5698 tiam
2058 5648 2289 5716 aliquam
2320 5649 2371 5701 in
2403 5650 2485 5703 itis
2509 5650 2977 5719 praepositionibus
2997 5652 3231 5719 cogitare
3256 5649 3449 5717 ;idque
