4126 6322
239 293 350 352 529

237 412 374 473 φασὶ
407 449 419 468 ,
454 412 559 474 ,καὶ
601 411 661 461 ἐκ
714 412 806 475 τῆς
870 415 1051 478 οὐσίας
1110 420 1270 470 αὑτοῦ
1299 462 1311 478 ,

233 500 501 564 πρόεισιν
537 519 555 549 ι
589 502 616 551 6
638 501 681 552 δ’
703 503 800 554 οὐκ
829 499 965 558 εἶναι
1003 509 1064 559 ἐκ
1108 511 1198 560 τοῦ
1233 510 1380 573 Υἱοῦ,
1411 513 1531 565 οὐδὲ
1589 516 1650 564 ἐκ
1683 517 1777 581 τῆς

231 588 424 649 οὐσίας
471 590 657 652 αὑτοῦ,
715 594 826 644 οὐδ’
863 595 922 658 ὲξ
970 598 1135 648 αἱ,τοῦ
1188 601 1454 666 προϊέναι.
1497 602 1678 654 Ταῦτα
1718 603 1774 654 δὲ

230 676 682 744 ὁ;.ι.ολο’γουμένως
708 681 1010 748 ἀντίφασις.
1059 686 1145 749 Ἰἰξ
1176 681 1248 737 ὧν
1280 690 1467 742 ἕπεται
1517 691 1546 758 ἢ
1593 691 1777 742 τοῦτον

233 767 399 832 μόνον
428 767 740 820 διδάσκαλον
780 773 1064 840 ὁμολογεῖν
1117 773 1255 828 εἶναι
1290 781 1386 847 τῆς
1425 781 1771 847 Ἐκκλησίας.

228 856 332 906 καὶ
356 855 466 924 ἅμα
491 858 644 923 ἅγιον
671 862 1011 928 ἀποφαίνειν,
1039 867 1420 937 ἀμελουμένων
1446 871 1550 922 τῶν
1581 872 1770 931 ἄλλων.

225 944 378 996 ὀκνῶ
408 949 515 1014 γὰρ
541 951 1029 1019 ἁποῤῥιπτομένων
1062 957 1314 1024 είπεῖν,ἧ
1347 959 1409 1010 τὸ
1449 961 1644 1026 πλῆθος
1683 961 1774 1011 καὶ

228 1038 294 1086 τὸ
325 1038 605 1103 πρεσϐεῖον
639 1042 984 1108 αἰδουμένους
1010 1046 1246 1111 ἐκείνων,
1279 1051 1351 1116 μὴ
1381 1051 1772 1119 παραδέχεσθαι

225 1125 437 1178 τοῦτον.
486 1128 642 1179 Ἀλλὰ
691 1133 846 1182 τοῦτο
878 1133 1094 1186 ἄτοπον·
1142 1137 1244 1204 χρὴ
1277 1137 1380 1206 γὰρ
1415 1138 1655 1199 ἅπαντας
1687 1142 1772 1191 εὖ..

225 1213 412 1278 ὶαεῶς
462 1218 603 1286 ἡμᾶς
643 1219 966 1288 δεχομένους
1013 1227 1102 1276 καὶ
1139 1227 1455 1294 σεϐομένους
1480 1270 1492 1290 ,
1529 1230 1602 1289 ὡς
1635 1231 1772 1299 ὑπὲρ

223 1305 331 1370 τῆς
380 1306 536 1373 ἡμῶν
585 1311 857 1378 σωτηρίας
895 1313 996 1362 ὑπὸ
1025 1314 1115 1365 τοῦ
1147 1315 1280 1367 Θεοῦ
1313 1317 1767 1384 ὲμπνευσθέντας,

223 1391 288 1453 ῦς
343 1394 436 1445 οὐκ
489 1394 551 1446 ἂν
595 1397 866 1467 ἠθέλησεν,
897 1402 1092 1465 ἀγαθὸς
1122 1401 1216 1467 (in,
1263 1405 1348 1456 διὰ
1391 1407 1595 1458 τούτων
1647 1409 1770 1470 τοὺς

224 1477 457 1551 ὕστερον
506 1485 741 1554 ἀπατᾷν,
788 1488 880 1550 οὓς
934 1490 1192 1542 ἐϐούλετο
1226 1494 1358 1561 πρὸς
1390 1496 1486 1562 τὴν
1516 1498 1770 1564 ἀλήθειαν

221 1570 448 1635 ἀνάγειν
473 1589 488 1601 ’
547 1577 652 1643 χρὴ
698 1577 874 1629 τοίνυν
913 1579 1050 1632 οὕτω
1104 1581 1169 1634 τὰ
1208 1582 1427 1634 ἐκείνων
1461 1585 1767 1654 ὲξηγεῖσθνι

223 1660 549 1725 πειρᾶσθαι,
586 1661 660 1724 ὡς
694 1665 758 1716 ἂν
788 1667 920 1733 πρὸς
958 1684 1014 1718 τε
1051 1669 1274 1731 ἑαυτοὺς
1305 1672 1395 1722 καὶ
1432 1674 1674 1741 ἀλλήλοις
1719 1676 1766 1726 οἱ

1157 307 1250 364 DE
1295 307 1803 367 PROCESSIONE
1843 308 2190 369 SPIl‘tlTUS
2231 309 2514 368 SANCTI.

3330 323 3433 386 930

1371 422 1460 473 καὶ
1521 423 1580 485 ἐξ
1623 423 1757 474 αὐτο

1889 422 2144 476 Basilium
2174 428 2543 480 constituitur.
2577 431 2638 482 Et
2673 442 2927 499 prmterea
2967 450 3074 489 non
3104 447 3335 504 tantum,
3374 455 3433 498 nt

1880 517 2120 569 nonnulli
2149 519 2418 586 accipiunt
2443 520 2734 574 dictionem
2772 529 3079 581 contrarius
3107 531 3208 583 sibi
3240 532 3430 587 tl0etor

1878 615 2042 666 esset,
2075 608 2166 660 sed
2197 617 2250 660 et
2281 610 2592 663 dmtorihus
2615 615 2705 681 qui
2733 626 2857 667 ante
2886 617 3059 686 ipsum
3084 624 3425 678 exstiterunt.

1877 693 2332 764 Ilienimqnidcm
2355 714 2418 752 ex
2438 700 2573 754 Filio
2603 719 2720 756 esse
2751 706 2924 766 aiunt.
2953 718 3006 761 et
3036 726 3098 762 ex
3124 713 3425 768 substantia

1874 785 2011 852 ejus,
2027 795 2076 838 et
2095 802 2158 839 ex
2179 789 2294 852 ipso
2317 792 2631 857 procedere;
2661 796 2747 848 ille
2767 812 2894 851 vero
2921 816 3026 852 non
3047 817 3166 856 esse
3181 819 3240 856 ex
3262 803 3422 868 Filio.

1875 886 2048 939 neque
2077 888 2141 926 cx
2173 876 2472 931 substantia
2497 881 2634 949 ejus,
2673 899 2846 952 neque
2877 887 2943 938 ah
2964 888 3079 955 ipso
3110 895 3420 958 procedere.

1875 961 1994 1014 [hec
2017 973 2191 1016 autem
2219 968 2335 1020 sine
2363 975 2730 1027 controversia
2762 990 2886 1029 sunt
2934 983 3315 1036 eontradietio.
3345 984 3419 1038 I'Ix

1873 1051 2069 1116 quibus
2088 1054 2351 1119 sequitur,
2377 1059 2457 1109 vel
2491 1059 2764 1141 fatendum
2798 1065 2938 1119 hunc
2987 1069 3156 1121 solum
3183 1088 3302 1126 esse
3332 1073 3426 1124 do-

1872 1147 2073 1189 ctorem
2094 1140 2362 1225 Ecclesia},
2379 1156 2431 1196 et
2449 1149 2606 1200 simul
2622 1140 2875 1226 sanetum
2891 1155 3218 1217 habendum,
3241 1163 3423 1228 oegie-

1871 1227 1971 1278 Ctis
1992 1229 2130 1287 aliis.
2151 1247 2342 1283 vereor
2358 1236 2499 1286 enim
2529 1239 2739 1305 rejectis
2757 1243 2825 1292 dii
2846 1261 2932 1295 ere
2958 1265 2968 1302 ;
2993 1248 3072 1298 vel
3092 1251 3420 1304 multitudini

1870 1325 1922 1366 ct
1952 1319 2257 1384 antiquitati
2299 1323 2348 1373 ill
2375 1341 2507 1376 vrum
2532 1333 2837 1394 pra-stando
2861 1339 3236 1398 reverentiam,
3272 1342 3417 1394 hunc

1871 1420 1968 1456 non
1990 1423 2110 1460 es'se
2129 1411 2512 1478 recipiendum.
2535 1420 2634 1470 Sed
2655 1421 2754 1472 hoe
2771 1423 3063 1478 absurdum
3086 1429 3418 1495 cst.0portet

1868 1495 2010 1547 cnim
2034 1512 2220 1552 omnes
2249 1516 2560 1558 reverenter
2595 1512 2856 1576 recipere,
2897 1529 2959 1565 ac
2991 1519 3258 1579 venerari,
3297 1528 3415 1570 tan—

1869 1598 2030 1649 quam
2054 1603 2147 1640 cos
2163 1591 2252 1655 qui
2290 1607 2316 1642 ιι
2343 1593 2446 1645 Ι)‹·(›
2477 1611 2570 1661 pro
2605 1600 2776 1651 salute
2809 1613 2987 1656 nostta
3009 1606 3210 1659 fuerint
3248 1611 3418 1676 inspi-

1870 1677 1992 1724 rati.
2017 1674 2116 1738 Qui
2143 1689 2289 1731 certe
2315 1698 2434 1733 eum
2471 1685 2540 1735 sit
2567 1686 2756 1750 bonus,
2784 1706 2877 1756 per
2909 1708 3002 1746 eos
3025 1701 3209 1762 utique
3245 1700 3420 1750 noluit

219 1745 538 1801 διδάσκαλοι
583 1756 950 1819 συμφωνῶσι·
985 1758 1076 1809 καὶ
1129 1759 1358 1826 μάλιστα
1387 1764 1477 1813 ἐπὶ
1523 1762 1616 1814 τοῦ
1659 1766 1757 1814 νυν¹

1876 1766 2206 1830 posteriores
2241 1768 2512 1839 decipere,
2569 1792 2704 1842 quos
2754 1782 2968 1835 volebat
3015 1787 3079 1836 ad
3132 1791 3414 1842 veritatem

220 1841 615 1908 προκειμένου,
645 1842 732 1909 ἐφ’
756 1837 817 1895 οὗ
857 1845 988 1897 πολὺ
1034 1847 1092 1898 τὸ
1119 1849 1214 1917 τῆς
1243 1851 1564 1914 φιλονεικίας
1604 1855 1768 1922 προῦ-

216 1926 495 1998 χώρησεν.
530 1932 704 2002 Ὅπερ
760 1934 859 1985 οὐκ
903 1935 966 1986 ἂν
1024 1937 1197 1999 ἄλλως
1257 1942 1641 2012 συμφωνηθείη
1676 1946 1768 1996 καὶ

219 2017 456 2079 σώζοιτο
507 2025 650 2088 μετά
685 2026 901 2080 πάντων
930 2035 1019 2082 καὶ
1046 2033 1131 2083 διὰ
1164 2036 1397 2100 πάντων,
1423 2039 1470 2088 εί
1495 2037 1567 2107 μὴ
1595 2039 1768 2105 λέγοι-

217 2122 330 2172 μεν
373 2109 754 2176 ἀσφαλέστατα
789 2116 881 2182 τὴν
910 2118 1010 2185 μὲν
1048 2120 1114 2172 ἐκ
1145 2123 1236 2172 ἐπὶ
1274 2125 1365 2176 τοῦ
1407 2126 1530 2177 Υἱοῦ
1557 2127 1632 2193 τῷ
1663 2129 1768 2181 Δα-

214 2199 488 2266 μασκηνῷ
519 2200 593 2268 μὴ
628 2204 1069 2274 παραληφθῆναι,
1109 2209 1191 2260 ἵνα
1226 2213 1300 2280 μὴ
1330 2214 1361 2280 ἦ
1391 2215 1448 2265 ἓν
1478 2215 1769 2284 πρόσωπον

210 2285 243 2334 6
291 2286 475 2354 Πατὴρ
528 2291 618 2340 καὶ
663 2293 689 2341 6
734 2293 857 2355 Υίὸς
912 2296 1308 2367 ὑποπτευθείη,
1361 2303 1449 2354 διὰ
1502 2303 1598 2372 τὴν
1659 2306 1766 2357 τῶν

212 2374 529 2440 προθέσεων
574 2377 902 2448 ὁμοιότητα·
972 2383 1003 2450 ἢ
1064 2384 1138 2452 μὴ
1193 2386 1322 2455 δοκῇ
1367 2388 1532 2455 μηδὲν
1575 2389 1763 2440 ἑαυτοῦ

211 2464 712 2532 προεπινοούμενον
744 2469 772 2518 6
810 2469 933 2531 Υἱὸς
965 2470 1126 2539 ἔχειν,
1149 2472 1336 2542 ὥσπερ
1373 2477 1466 2526 καὶ
1495 2479 1521 2528 6
1556 2479 1761 2546 Πατὴρ,

209 2551 316 2602 καὶ
347 2553 511 2623 τᾶλλα
566 2557 667 2607 ὅσα
700 2561 1003 2626 πρόκειται·
1039 2564 1134 2628 τὴν
1175 2563 1232 2614 δὲ
1279 2564 1374 2615 διὰ
1405 2569 1498 2617 καὶ
1533 2567 1762 2631 μάλιστα

209 2640 504 2709 δέξασθαι,
532 2645 614 2697 ὅτι
646 2647 743 2716 τὴν
773 2649 925 2712 τάξιν
963 2651 1091 2719 ἡμῖν
1130 2652 1234 2704 τῶν
1267 2655 1570 2717 προσώπων
1619 2658 1754 2723 μετᾶ

204 2732 318 2800 τῆς
363 2735 599 2797 Μονάδος
649 2739 945 2809 παρίστησι
992 2742 1079 2794 διὰ
1129 2743 1227 2813 τὴν
1265 2746 1464 2813 ἑαυτῆς
1503 2746 1759 2815 ἰδιότητα.

220 2825 377 2876 Ἐπεὶ
429 2829 566 2894 μετὰ
607 2831 708 2897 τῆς
762 2834 1001 2896 Μονὰδος
1054 2841 1146 2888 καὶ
1193 2838 1291 2905 τὴν
1321 2840 1427 2892 τῶν
1457 2839 1762 2910 προσώπων

203 2913 483 2982 διάκρισιν
510 2917 791 2986 ὁμολογεῖν
824 2921 1110 2992 ὀφείλομεν
1140 2928 1280 2979 κατὰ
1309 2928 1405 2994 τὴν
1470 2930 1761 2998 παραδεδο·

206 3001 388 3072 μένην
419 3004 548 3072 ἡμῖν
580 3007 777 3063 πίστιν.
813 3011 876 3062 Ἀ
911 3011 974 3080 δὴ
1005 3013 1095 3064 καὶ
1126 3015 1291 3083 ἄμφω
1332 3018 1391 3068 τὸ
1419 3019 1480 3068 ἐκ
1520 3017 1610 3069 τοῦ
1651 3019 1760 3070 Πα-
1786 3051 1830 3111 C

203 3093 340 3161 τρδς
359 3093 425 3145 δι’
449 3096 574 3148 Υίοῦ
606 3098 859 3166 λέγεσθαι
898 3103 958 3154 τὸ
991 3103 1142 3171 ἆγιον
1169 3107 1560 3176 ἐκπορεύεσθαι
1593 3109 1758 3161 Πνεῦ-

206 3201 292 3252 μα
323 3185 625 3253 ἐμφανίζει·
661 3190 720 3242 τὸ
752 3189 797 3242 δ’
825 3192 887 3242 ἐκ
913 3191 1006 3244 τοῦ
1025 3193 1152 3247 Υίοῦ
1180 3194 1427 3261 λέγεσθαι
1457 3198 1516 3249 οὐ
1545 3197 1713 3266 δήπου
1737 3215 1750 3227 ⁸

211 3274 457 3341 ΊΙρεσεν
507 3272 600 3328 οὖν
653 3279 801 3347 αὺτῷ
836 3280 1036 3348 μᾶλλον
1068 3282 1168 3350 τὴν
1209 3284 1345 3351 μετά
1396 3286 1490 3351 τῆς
1515 3286 1756 3348 Μονάδος

204 3364 311 3413 καὶ
383 3363 481 3432 τὴν
535 3365 805 3433 διάκρισιν
865 3369 1232 3437 ἐμφαίνουσαν
1279 3372 1377 3424 διὰ
1416 3375 1753 3444 παραλαϐεῖν

201 3450 464 3519 πρόθεσιν
491 3453 520 3522 ἦ
558 3455 653 3524 τὴν
675 3457 744 3508 ἐκ
770 3459 949 3511 αἰτίαν
975 3460 1133 3528 μόνον
1161 3466 1252 3513 καὶ
1275 3464 1334 3513 οὐ
1359 3463 1628 3532 διάκρισιν
1659 3467 1754 3536 δη-

199 3540 426 3596 λοῦσαν.
460 3543 620 3596 Ὥστε
669 3548 924 3617 τοιαύτην
977 3548 1156 3620 πηγὴν
1195 3553 1222 3603 6
1260 3555 1614 3623 Δαμασκηνὸς
1660 3558 1751 3608 ἐπὶ

196 3629 304 3707 τοῦ
337 3631 462 3683 Υίοῦ
513 3634 854 3705 ἀπαρνεῖται.
914 3637 1032 3689 οἵαν
1071 3641 1099 3690 6
1143 3640 1314 3707 μέγαζ
1347 3641 1616 3704 Διονύσιος
1658 3645 1750 3696 ἐπὶ

195 3704 302 3772 τοῦ
337 3723 544 3789 Πατρδς
597 3704 777 3793 τίθησι
841 3726 1008 3806 μόνην
1282 3729 1379 3798 τῆς
1426 3732 1745 3801 ὑπερουσίου

195 3813 454 3884 θεότητος
487 3817 649 3869 αὐτὸν
679 3819 870 3872 είπὼν.
926 3821 1174 3896 Τοιοῦτον
1214 3823 1269 3876 δὲ
1299 3826 1467 3878 αἴτιον
1498 3829 1588 3878 τοῦ
1619 3827 1744 3879 Υίοῦ

191 3909 533 3975 ἀφαιρεῖται,
575 3910 752 3961 ὁποῖον
786 3911 814 3961 6
861 3911 1210 3978 Δύγουστῖνος
1241 3913 1331 3966 τὸν
1362 3914 1591 3983 Πατέρα¹
1616 3915 1740 3984 ἔφη,

191 3993 425 4070 αρχικὺν
474 3996 646 4045 αίτιον
690 3994 854 4047 αὑτὸν
891 3997 1199 4066 προσειπών
1226 4014 1239 4028 ·
1271 3999 1353 4050 ὅτι
1383 4000 1480 4068 μὲν
1512 4001 1620 4070 γὰρ
1651 4004 1742 4055 καὶ

190 4063 221 4135 6
256 4083 382 4145 Υἱὸς
420 4083 568 4153 πηγὴ
618 4084 710 4138 τοῦ
757 4086 910 4152 ἁγίου
935 4063 1254 4155 *Πνεῦματυς
1283 4063 1740 4154 λέγεταιξπολλα-

189 4169 358 4238 χὲθεν
389 4173 534 4238 παρὰ
583 4171 689 4224 τῶν
737 4172 1064 4226 διδασκάλων
1096 4174 1309 4242 ἔχομεν’
1343 4175 1456 4226 ἀλλ’
1490 4179 1612 4228 ἐπεὶ
1645 4176 1737 4228 τοῦ

201 4255 344 4307 Υἱοῦ
377 4258 404 4308 6
445 4257 631 4325 Πατὴρ
667 4262 1087 4327 προεπινοεῖται,
1110 4260 1202 4312 τοῦ
1233 4261 1289 4313 δὲ
1318 4262 1526 4332 [ἰατρὸς
1562 4264 1734 4330 οὐδὲν,

1869 1853 2154 1908 adducere.
2197 1861 2423 1926 Oportet
2470 1865 2635 1933 igitur
2664 1868 2742 1922 sic
2771 1886 2956 1925 eorutn
2994 1877 3194 1944 scripta
3230 1882 3414 1934 conari

1867 1957 2158 2010 exponere.
2197 1960 2250 1998 ut
2286 1959 2340 2001 et
2386 1954 2728 2023 sihitnctipsi,
2776 1967 2831 2011 et
2867 1961 3007 2015 inter
3044 1979 3103 2018 se
3165 1968 3414 2022 doctmcs

1867 2033 2216 2094 conveniant;
2262 2041 2556 2103 praesertim
2597 2044 2647 2094 in
2684 2048 2937 2111 prresenti
2975 2053 3254 2118 proposito
3285 2056 3416 2124 ting-

1867 2125 2027 2180 niate,
2057 2119 2108 2170 in
2133 2126 2432 2187 quoguulta
2456 2133 2739 2183 contentio
2771 2133 2951 2187 habita
2975 2146 3077 2188 est.
3110 2138 3258 2202 Quod
3284 2119 3414 2194 sane.

1866 2207 2024 2259 aliter
2054 2224 2173 2260 eum
2217 2214 2476 2267 omnibus
2523 2227 2576 2270 et
2622 2235 2716 2286 per
2750 2223 2930 2275 omnia
2961 2228 3271 2282 coneordari
3305 2246 3409 2284 non

1865 2305 2068 2365 posset,
2104 2299 2204 2352 nisi
2260 2301 2566 2358 firmissime
2599 2309 2921 2376 dixerimus,
2973 2318 3408 2385 prtepositionem

1863 2401 1928 2437 ea:
1975 2401 2005 2439 a
2037 2388 2371 2444 Damasceno
2407 2393 2459 2446 in
2512 2395 2649 2450 Filio
2701 2416 2804 2453 non
2853 2418 2970 2457 esse
3001 2417 3299 2476 acceptam,
3343 2427 3410 2465 ne

1863 2478 1946 2528 vel
1980 2492 2136 2531 unam
2165 2494 2448 2546 personam
2488 2485 2698 2541 Patrem
2734 2499 2786 2542 et
2815 2489 3008 2546 Filium
3037 2511 3154 2550 esse
3189 2509 3410 2567 propter

1862 2567 2274 2623 similitudinem
2302 2577 2741 2642 praepositionum
2788 2583 2981 2650 aliquis
3007 2588 3405 2654 suSpiearetnr;

1861 2655 1944 2708 vel
1995 2672 2061 2710 ne
2104 2660 2356 2714 videatur
2389 2664 2557 2718 Filius
2591 2675 2648 2719 ut
2681 2669 2860 2731 Pater,
2913 2673 3044 2726 nihil
3078 2677 3182 2729 sibi
3216 2681 3408 2745 pra-in-

1862 2745 2136 2798 tellectum
2159 2748 2383 2815 habere,
2419 2764 2474 2806 et
2507 2770 2570 2808 ne
2603 2769 2964 2825 sequerentur
2991 2763 3093 2816 alia
3120 2781 3236 2832 quae
3262 2767 3405 2821 dicta

1859 2840 2004 2885 sunt.
2037 2832 2480 2901 Pra-posilionem
2513 2849 2693 2894 autem
2721 2860 2813 2910 per
2846 2849 3184 2913 potissimum
3218 2853 3408 2907 Dama-

1859 2935 2077 2975 sccnutn
2104 2927 2452 2991 approbasse,
2477 2930 2620 2996 quod
2639 2934 2883 2988 ordinem
2909 2952 3257 3004 personarum
3278 2935 3400 2996 cum

1863 3013 2088 3065 monade
2113 3013 2270 3065 nobis
2299 3015 2565 3083 exprimat
2589 3019 2658 3071 ob
2685 3021 2801 3089 ejus
2829 3025 3234 3090 proprietatem.
3257 3029 3404 3094 Quo-

1861 3096 2002 3149 niam
2040 3112 2160 3152 cum
2207 3101 2435 3154 monade
2469 3117 2820 3172 personarum
2853 3124 3068 3178 quoque
3096 3113 3400 3168 distinctio-

1855 3201 1977 3240 nem
2030 3188 2277 3241 conﬁteri
2323 3191 2607 3256 debemus,
2637 3200 2933 3250 secundum
2967 3201 3212 3254 traditam
3244 3206 3404 3259 nobis

1855 3276 2036 3330 ﬁdem.
2073 3278 2201 3342 Qua:
2231 3294 2360 3333 sane
2396 3283 2556 3336 ambo
2586 3285 2716 3338 illud
2751 3287 2970 3350 indicat,
3003 3290 3106 3343 dici
3135 3290 3394 3359 Spiritum

1851 3376 2092 3420 sanctum
2127 3384 2191 3421 ex
2245 3370 2398 3423 Patre
2438 3386 2533 3439 per
2560 3372 2756 3426 Filium
2789 3380 3111 3446 procedere;
3165 3397 3228 3433 ex
3261 3382 3396 3436 Filio

1850 3463 2030 3508 autem
2054 3457 2181 3520 dici,
2219 3473 2414 3527 nempe
2447 3461 2689 3516 minime.
2730 3464 2938 3520 Placuit
2968 3467 3129 3536 igitur
3158 3471 3254 3538 ipsi
3286 3488 3393 3525 ma-

1849 3542 1931 3610 gis
1959 3545 2394 3611 praepositionem
2430 3564 2521 3612 per
2566 3564 2800 3613 sumere.
2840 3569 2958 3620 qua:
3009 3570 3131 3608 cum
3163 3561 3392 3614 tnonadc

1847 3631 2247 3688 distinctionem
2279 3635 2503 3698 indicat.
2536 3653 2697 3706 quam
2746 3656 2829 3702 ex,
2861 3657 2981 3709 qua:
3028 3652 3235 3698 tantum
3262 3663 3389 3700 cau-

1845 3735 1982 3788 sam,
2017 3733 2072 3776 et
2111 3739 2216 3776 non
2255 3723 2661 3780 distinctionem
2692 3729 2982 3798 signiﬁcat.
3020 3733 3204 3803 Itaque
3227 3739 3386 3789 latent

1844 3814 2046 3865 fontem
2081 3813 2442 3869 Damascenus
2475 3817 2524 3868 in
2548 3817 2687 3872 Filio
2707 3830 2888 3888 negat,
2922 3824 3134 3889 qualem
3162 3840 3388 3894 magnus

1844 3901 2129 3971 Dionysius
2156 3905 2206 3954 in
2247 3903 2403 3957 Patre
2436 3907 2737 3971 constituit,
2767 3911 2940 3964 solum
2970 3912 3171 3967 fontem
3198 3931 3385 3984 super-

1827 3991 2219 4046 substantialis'
2245 3993 2470 4049 Deitatis
2512 3996 2687 4062 ipsutn
2719 4001 3032 4066 appellans:
3064 4004 3221 4058 talem
3257 4021 3386 4060 cau-

1841 4095 1952 4133 sam
1993 4081 2129 4134 Filio
2173 4083 2380 4147 adimit,
2430 4085 2641 4152 qualem
2677 4089 3007 4156 Augustinus
3039 4093 3248 4147 Patrem
3300 4110 3386 4149 as-

1838 4170 1988 4234 serit,
2043 4172 2396 4241 principalem
2447 4190 2681 4237 cansam.
2719 4178 2892 4246 ipsum
2950 4194 3165 4236 vocans.
3227 4182 3378 4248 Quod
3421 4223 3424 4226 -

1836 4259 1981 4313 enim
2029 4260 2188 4313 etiam
2251 4261 2420 4315 Filius
2470 4262 2590 4316 fons
2646 4265 2862 4319 dicatur
2900 4267 3135 4335 Spiritus
3183 4272 3378 4336 sancti,

190 4347 362 4408 αὐτός
393 4363 448 4397 τε
491 4347 550 4412 ἐξ
599 4349 806 4401 ἐκείνου
846 4349 1058 4417 λέγεται
1090 4345 1247 4415 εἶναι,
1278 4355 1370 4404 καὶ
1407 4355 1540 4421 πρὸς
1573 4356 1736 4408 αὐτὸν

1862 4351 2024 4404 uultis
2057 4366 2120 4404 ex
2158 4353 2289 4406 locis
2337 4355 2617 4407 doctorum
2660 4353 2938 4409 habemus.
2984 4357 3087 4411 Sed
3121 4362 3375 4428 quoniam

187 4436 544 4503 ἀναφέρεται,
578 4440 670 4490 καὶ
699 4439 802 4490 πᾶν
832 4441 889 4491 τδ
932 4441 1061 4510 παρ’
1082 4442 1248 4494 αὑτοῦ
1281 4442 1566 4511 λεγόμενον
1597 4442 1734 4498 εῖναι

189 4527 338 4596 πρὸς
391 4529 490 4598 τὴν
539 4530 759 4598 πρώτην
813 4515 990 4582 αἰτίαν
1017 4531 1114 4601 τὴν
1148 4534 1423 4602 ἀναφορὰν
1458 4535 1568 4603 ἔχει
1597 4538 1736 4588 κατὰ

185 4617 286 4670 τὸν
318 4617 486 4684 μέγαν
509 4619 782 4671 Βασίλειον
807 4621 862 4671 ἐν
889 4623 999 4682 τοῖς
1049 4622 1491 4692 Ἀντιρρητικοῖς⁹
1527 4624 1646 4674 καθ’
1679 4626 1735 4675 ὃν

185 4705 396 4776 τρόπον
440 4707 532 4758 καὶ
583 4709 726 4774 ῥίζα,
765 4712 857 4760 καὶ
912 4712 1098 4780 πηγὴ,
1150 4715 1242 4763 καὶ
1300 4713 1457 4780 μόνος
1503 4713 1672 4773 αἴτιος
1707 4714 1735 4764 6

187 4796 385 4864 Πατὴρ
409 4794 612 4847 δ·5ναιτ“
642 4797 706 4849 ἂν
735 4798 983 4866 ῥηθῆναι,
1018 4801 1104 4852 ἵνα
1137 4803 1198 4852 τὸ
1232 4802 1290 4865 ἐξ
1315 4795 1375 4854 οὗ
1407 4802 1610 4872 δειχθῇ,
1643 4803 1734 4855 καὶ

190 4890 274 4959 μὴ
309 4889 452 4955 τρεῖς
499 4888 530 4956 ἢ
578 4886 668 4939 δύο
718 4890 883 4957 ἀρχαὶ
929 4889 1200 4953 πολυθέως
1232 4893 1623 4962 παραδεχθῶσι·
1656 4893 1682 4943 δ
1707 4893 1733 4944 ὺ

187 4981 290 5031 καὶ
328 4977 563 5045 εἴρηται,
589 4997 607 5028 ι
640 4978 722 5030 Ζῶ
751 4978 855 5043 ἐγὼ
885 4980 970 5034 διὰ
993 4982 1083 5033 τὸν
1111 4982 1341 5050 Πατέρα,
1368 5000 1385 5032 ι
1415 4986 1526 5045 καὶ,
1557 5002 1572 5032 ι
1602 4983 1733 5050 Περὶ

185 5068 294 5136 τῆς
354 5067 496 5136 ὥρας
543 5071 752 5138 ἐκείνης
809 5071 976 5133 οὐδεὶς
1031 5066 1198 5134 οίδεν,
1254 5073 1373 5124 οὐδὲ
1421 5076 1448 5122 6
1501 5073 1653 5134 Υἱὸς,
1707 5089 1723 5120 ι

187 5160 311 5220 καὶ,
335 5175 354 5209 ι
377 5159 492 5209 Ἀπ’
511 5161 740 5225 ἐμαυτοῦ
769 5161 902 5213 ποιῶ
919 5161 1091 5225 οὐδὲν,
1113 5181 1130 5212 ι
1154 5163 1267 5227 καὶ,
1292 5183 1309 5214 ι
1335 5163 1528 5224 Καθὼς
1550 5162 1730 5214 ἀκούω

185 5250 383 5317 κρίνω,
432 5269 448 5299 ›
476 5251 588 5308 καὶ,
614 5267 632 5299 ι
667 5250 730 5300 'll
764 5252 868 5318 ἐμὴ
895 5243 1077 5320 διδαχὴ
1098 5252 1194 5302 οὐκ
1225 5253 1369 5303 ἐστιν
1402 5255 1527 5322 ὲμὴ,
1561 5272 1578 5302 ι
1609 5253 1725 5315 καὶ,

193 5358 210 5388 ι
253 5339 315 5389 ὐ
341 5338 524 5408 Πατήρ
556 5356 652 5407 μου
682 5341 876 5407 μείζων
908 5341 1004 5407 μού
1032 5346 1175 5393 ἐστιν
1195 5355 1210 5371 ⁶
1240 5361 1257 5391 9
1284 5345 1370 5393 καὶ
1407 5344 1527 5401 εἴτι
1551 5341 1723 5394 τ’)ιοῦ-

185 5445 280 5482 τον
310 5428 518 5495 εἴρηται
544 5430 688 5496 αὐτῷ
715 5432 845 5498 πρὸς
875 5432 963 5481 τὸ)
994 5432 1205 5497 Πατέρα
1249 5432 1419 5485 πάντα
1449 5434 1723 5498 ἀνάγοντι.

188 5519 357 5570 Ὅθεν
390 5520 481 5570 καὶ
524 5522 551 5571 6
604 5520 773 5586 μέγας
810 5523 940 5591 φησι
992 5521 1288 5585 Βασίλειος,
1326 5539 1341 5569 ι
1395 5521 1455 5571 'H
1505 5521 1600 5572 διὰ
1629 5521 1726 5572 οὐκ

186 5607 380 5658 ἄτονον
426 5605 517 5657 τοῦ
570 5606 696 5657 Υίοῧ
743 5609 1030 5674 παρίστησι
1075 5609 1170 5675 τὴν
1221 5610 1527 5677 ἐνέργειαν,
1593 5609 1725 5660 ἀλλὰ

1837 4441 1972 4494 Filio
1997 4440 2152 4495 Pater
2183 4443 2636 4512 prwintelligitur,
2668 4446 2811 4498 Patri
2838 4456 3015 4498 autent
3048 4448 3205 4510 nihil,
3239 4449 3378 4517 ipse-

1834 4546 1939 4600 que
1968 4532 2136 4586 Filius
2167 4533 2234 4586 ab
2265 4548 2332 4586 eo
2367 4533 2568 4588 dicitur
2594 4550 2744 4600 esse;
2776 4545 2830 4589 et
2863 4537 2928 4589 ad
2963 4553 3087 4590 eum
3124 4538 3377 4605 refertur,

1831 4631 1886 4675 et
1917 4637 2077 4676 omne
2107 4624 2249 4692 quod
2285 4625 2350 4677 ab
2384 4626 2502 4694 ipso
2535 4626 2720 4695 (Filio)
2755 4627 2954 4681 dicitur
2987 4642 3127 4693 esse,
3167 4629 3232 4682 ad
3267 4631 3380 4700 pri-

1833 4727 1970 4766 mam
1999 4729 2214 4768 causam
2247 4716 2557 4768 relationem
2589 4717 2750 4770 habet
2773 4719 3069 4770 secundum
3121 4734 3376 4789 magnum

1831 4802 2088 4855 Basilium
2133 4804 2185 4856 in
2235 4803 2391 4858 libris
2423 4807 2834 4872 contutaloriis;
2880 4808 3028 4876 juxta
3061 4825 3220 4878 quem
3254 4827 3372 4864 mo-

1829 4893 1953 4944 dum
1990 4893 2153 4944 etiam
2213 4891 2386 4954 radix,
2442 4903 2498 4946 et
2551 4894 2691 4958 fons,
2733 4904 2787 4947 et
2842 4895 2986 4948 solus
3021 4911 3179 4951 causa
3215 4899 3376 4959 Pater

1830 4981 1934 5033 dici
1976 4990 2178 5048 posset.
2230 4991 2288 5034 ut
2330 4980 2460 5034 illud
2510 4998 2573 5034 ex
2610 4997 2718 5050 quo
2765 4983 3099 5046 ostendatur,
3155 4995 3208 5039 et
3261 5003 3369 5043 non

1831 5074 1951 5134 tria,
2003 5071 2086 5122 vel
2139 5072 2246 5124 duo
2282 5062 2552 5140 principia
2601 5072 2770 5126 instar
2820 5073 3109 5128 multorum
3144 5080 3368 5133 deorum

1827 5163 2219 5226 adinittantur;
2253 5162 2457 5216 idcirco
2490 5163 2648 5215 etiam
2678 5162 2878 5216 dictum
2919 5173 3019 5227 est,
3061 5185 3077 5215 ι
3108 5166 3239 5220 Vivo
3267 5186 3370 5237 ego

1827 5261 2044 5320 propter
2067 5252 2300 5315 Patrem,
2333 5269 2350 5301 i
2379 5263 2426 5304 et
2452 5268 2464 5302 :
2487 5271 2522 5302 .t
2556 5253 2626 5305 De
2652 5253 2739 5304 illa
2777 5256 2902 5305 liora
2931 5269 3088 5306 nemo
3122 5256 3246 5318 scit,
3272 5273 3366 5312 ηε·

1825 5356 1926 5410 que
1950 5339 2134 5401 Filius,
2167 5361 2182 5391 ι
2215 5350 2301 5394 et:
2330 5361 2347 5391 ι
2375 5341 2416 5393 Α
2441 5357 2520 5394 me
2546 5343 2660 5409 ipso
2678 5343 2810 5395 nihil
2838 5343 3024 5402 faeion
3050 5354 3100 5397 et
3129 5363 3140 5398 :
3173 5364 3188 5394 ι
3217 5347 3367 5401 Sit-ut

1823 5428 2002 5492 audio,
2031 5429 2236 5496 judico,
2272 5447 2287 5477 ι
2327 5439 2408 5481 ct:
2449 5447 2464 5477 t
2497 5430 2608 5481 Mea
2647 5431 2891 5481 doctrina
2925 5443 3135 5484 nonest
3168 5451 3311 5489 mea.
3340 5454 3355 5484 ι

1822 5528 1909 5570 et:
1964 5537 1979 5567 ι
2014 5517 2171 5572 Pater
2204 5533 2354 5571 incus
2386 5519 2553 5586 major
2584 5534 2665 5570 me
2697 5527 2817 5579 est;
2849 5538 2865 5569 ι
2904 5530 2954 5572 et
2982 5522 3024 5573 si
3059 5522 3183 5588 quid
3216 5524 3366 5590 ejus-

1823 5605 1966 5663 modi
1999 5609 2064 5660 ab
2088 5621 2153 5660 eo
2183 5607 2386 5660 dictum
2410 5617 2515 5673 est,
2539 5607 2603 5660 ad
2631 5608 2837 5662 Patrem
2868 5610 3046 5662 omnia
3071 5609 3353 5680 referente,
