4126 6322
748 331 843 390 θ’ὶί

2007 321 2381 379 υΕὸΞῐῐΤΙίίί
2424 321 2733 380 CYDONH

3840 324 3947 383 υκαι

708 440 709 443 η
744 419 894 475 Unde
918 416 1206 483 ctllagnus
1235 411 1463 465 Basilius
1496 410 1600 462 ait:
1637 408 2209 476 «Prmpositiopernou
2249 410 2284 459 ii

2408 409 2503 476 τῆς
2578 411 3051 478 προκαταρκτικῆς
3118 410 3288 470 eicis;
3357 409 3646 476 ὁμολογίαν
3696 409 3843 476 ,ἔχει-
3932 422 3947 444 ι

746 509 1018 564 etlicaeem
1036 504 1156 557 Filii
1174 501 1543 571 Operationem
1563 500 1837 566 exprimit,
1859 499 1947 550 sed
1974 500 2400 564 procatarcticze,
2440 498 2668 560 tioc'est,
2693 501 2999 567 originarirc
3025 516 3197 573 causa:
3221 498 3613 552 confessionem
3635 494 3929 552 eontitteld

812 602 922 656 lloe
947 602 1105 654 ctiam
1131 599 1360 651 addatur
1383 598 1468 650 his
1495 611 1613 664 qua:
1635 595 1775 648 dicta
1806 602 1964 646 sunt:
1992 593 2109 646 Non
2133 593 2287 655 dixit,

749 693 893 761 quod
932 708 991 745 ex
1030 691 1163 743 Filio
1196 704 1301 741 non
1335 697 1437 750 est,
1472 686 1567 739 sed
1600 686 1745 752 quod
1793 699 1857 737 ex
1887 683 2019 736 Filio
2063 698 2168 735 non
2200 682 2285 733 dis

746 779 941 832 cimus.
981 775 1093 829 Hoc
1120 786 1300 828 autem
1340 774 1474 826 nihil
1503 773 1630 825 facit
1664 772 1728 824 ad
1763 786 1912 833 rem;
1956 771 2118 822 multa
2142 771 2286 822 enim

746 876 892 927 sunt,
951 884 1071 935 quae
1120 882 1226 917 non
1279 865 1531 927 dicimus,
1583 863 1745 929 quale
1792 860 1922 911 illud
1962 876 1989 912 a
2029 861 2290 928 principio

742 956 1146 1026 praedicationis
1176 954 1493 1007 accidebat:
1540 952 1696 1005 verbi
1737 952 1928 1017 gratia,
1974 949 2165 1002 Filium
2196 950 2287 1002 Dei

745 1063 863 1101 esse
914 1046 1434 1101 consubStantialem
1468 1044 1634 1104 Patri,
1688 1054 1895 1106 semper
1928 1040 2200 1110 Virginem
2236 1044 2286 1093 in

742 1128 982 1189 Ecclesia
1012 1138 1293 1204 Deiparam
1344 1133 1647 1201 prmdieari,
1687 1132 1877 1188 Filium
1920 1132 2009 1184 Dei
2044 1132 2290 1183 humanm

740 1236 947 1278 naturze
993 1225 1290 1278 secundum
1328 1223 1725 1290 hypostaticam
1775 1222 2032 1273 unionem
2078 1222 2287 1272 unitum

739 1331 878 1379 esse,
940 1325 994 1368 et
1047 1315 1096 1366 id
1137 1329 1325 1381 genus.
1361 1314 1491 1375 Quae
1550 1326 1677 1365 sane
1707 1328 1829 1365 eum
1871 1313 2022 1379 prius
2054 1326 2159 1363 non
2210 1311 2290 1362 di-

741 1416 1010 1467 cerentur,
1062 1406 1307 1471 quamvis
1340 1419 1464 1455 vera
1512 1411 1715 1464 essent,
1772 1412 1955 1469 postea
1984 1401 2288 1468 quomodo-

740 1511 955 1562 cunque
990 1503 1215 1562 urgente
1244 1493 1588 1552 necessitate,
1624 1491 1787 1543 etiam
1819 1491 1871 1542 in
1909 1490 2149 1543 Ecclesia
2179 1490 2283 1542 dici

744 1587 1014 1639 sancitum
1065 1595 1168 1638 est.
1206 1584 1260 1637 Si
1312 1584 1436 1651 quis
1465 1584 1626 1649 igitur
1661 1581 1995 1649 quaesivisset
2024 1580 2090 1631 ab
2119 1580 2287 1631 altero

746 1678 899 1744 prius
946 1692 1105 1742 quam
1142 1675 1312 1743 prima
1341 1673 1576 1742 synodus
1608 1681 1928 1740 congregata
1978 1671 2185 1733 fuisset,
2222 1669 2286 1721 ad

700 1762 1117 1821 'stabiliendam
1180 1758 1442 1818 Deitatcm
1507 1763 1652 1824 Filii,
1712 1762 1754 1815 si
1812 1758 2288 1815 consubstantialis

752 1860 925 1913 Filius
961 1858 1253 1917 diceretur,
1290 1857 1430 1908 idem
1469 1858 1625 1922 plane
1653 1853 1968 1912 audivisset,
2003 1850 2144 1912 quod
2181 1865 2285 1901 non

2467 596 2574 646 Καὶ
2597 595 2749 647 τοῦτο
2783 596 3120 663 προσκείσθω
3150 597 3257 654 τοῖς
3281 595 3585 661 εἰρημένοις
3606 612 3617 623 ·
3645 595 3756 646 (ιύκ
3788 584 3947 647 εἶπεν

2392 687 2469 735 ὅτι
2498 687 2559 736 ἐκ
2594 684 2687 736 τοῦ
2723 685 2849 735 Υἱοῦ
2874 687 2971 736 οὐκ
3018 685 3183 745 ἐστιν,
3212 682 3328 736 ἀλλ’
3358 684 3438 735 ὅτι
3476 685 3538 734 ἐκ
3593 682 3686 734 τοῦ
3716 684 3838 740 Υίοῖι
3874 688 3945 743 οὗ

2394 775 2642 841 λέγομεν.
2668 774 2835 827 Τοῦτο
2863 776 2916 825 δὲ
2937 776 3083 827 οὐδὲν
3104 777 3247 841 ’πρὸς
3280 774 3339 824 τὸ
3371 775 3745 841 προκείμενον·
3777 775 3947 825 πολλα

2392 868 2497 934 γάρ
2519 871 2674 928 εἰσιν,
2708 868 2846 934 ειπερ
2882 866 2941 918 οὐ
2970 867 3242 937 λέγομεν]
3274 866 3452 915 ὁποῖον
3483 869 3618 916 κατᾶ
3647 866 3741 923 τὰς
3774 866 3946 932 ἀρχὰς

2390 961 2481 1012 τοῦ
2518 960 2864 1029 κηρύγματος
2914 960 3219 1010 συνέϐαινεν
3246 973 3260 986 ·
3295 949 3405 1007 οἷον
3443 959 3502 1008 τὸ
3539 956 3628 1007 τὸν
3684 957 3811 1008 Υἱὶν
3853 957 3943 1007 τοῦ

2390 1051 2521 1101 Θεοῦ
2556 1052 2633 1119 τῷ
2659 1052 2831 1117 Πατρὶ
2869 1050 3005 1101 εἶναι
3032 1050 3332 1116 ὁμοούσιον,
3366 1049 3425 1100 τὺ
3457 1048 3554 1114 τὴν
3590 1046 3941 1115 ἁεήτάί.οενον

2391 1141 2645 1192 Θεοτόκον
2684 1140 2767 1191 ἐπ’
2801 1136 3085 1208 ἐκκλησίας
3144 1139 3519 1207 κηρύττεσθαι,
3566 1139 3626 1187 τὺ
3677 1135 3766 1188 τὸν
3821 1136 3943 1187 Υἰδν

2390 1235 2480 1285 τοῦ
2504 1233 2636 1286 Θεοῦ
2659 1236 2723 1302 τῇ
2753 1233 3062 1303 ἀνθρωπίνῃ
3094 1234 3248 1299 φύσει
3278 1234 3413 1284 κατὰ
3440 1230 3535 1299 τὴν
3556 1229 3676 1282 καθ’
3705 1230 3939 1280 ὑπεστα-

2394 1339 2474 1373 σιν
2509 1322 2697 1373 ἕνωσιν
2752 1322 3031 1389 ἐνωοῆναι,
3080 1323 3172 1397 καὶ
3221 1322 3317 1373 ὅσα
3371 1319 3613 1372 τοιαῦτα.
3650 1320 3712 1369 ’Λ
3742 1318 3804 1385 δὴ
3868 1317 3939 1383 μὴ

2391 1409 2654 1478 λεγόμενα
2686 1413 2966 1478 πρότερον,
3012 1412 3182 1462 καίτοι
3228 1408 3435 1476 ἀληθῶς
3478 1409 3685 1473 ἒχοπι.
3718 1404 3940 1468 ὕστερον

2390 1500 2536 1559 ὃπως
2564 1499 2757 1566 δήποτε
2787 1499 2971 1566 χρείας
3002 1500 3249 1566 κινούσης
3279 1499 3371 1548 καὶ
3398 1495 3646 1561 λέγεσθαι
3698 1495 3782 1545 ἐπ’
3814 1495 3935 1545 Ἐκο

2389 1588 2608 1656 κλησίας
2643 1580 2963 1655 ἐϐεϐαιώθη.
2999 1589 3060 1639 Et
3086 1604 3165 1649 τις
3190 1582 3280 1640 οὖν
3302 1602 3417 1638 τινα
3448 1585 3607 1653 ἤρετο
3630 1584 3757 1651 πρὶν
3788 1583 3820 1651 ἢ
3843 1580 3937 1649 τὴν

2388 1677 2608 1743 πρώτην
2639 1676 2890 1742 συστῆναι
2915 1675 3125 1726 σύνοδον
3152 1676 3243 1726 ἐπὶ
3273 1674 3557 1742 βεϐαιώσει
3577 1673 3673 1740 τῆς
3691 1671 3935 1737 θεότητος

2389 1762 2482 1815 τοῦ
2515 1751 2669 1825 Υἱοῦ,
2711 1765 2757 1814 εί
2811 1761 3091 1828 όμοούσιος
3124 1765 3151 1813 ό
3185 1763 3309 1824 Υἱὸς
3363 1759 3440 1827 τῷ
3471 1760 3645 1827 Πατρὶ
3708 1759 3939 1824 λέγοιτο,

2389 1855 2552 1905 ταύτὸ
2585 1854 2794 1914 πάντως
2826 1854 2890 1904 ἂν
2919 1854 3173 1921 ἤκουσεν,
3208 1854 3286 1903 ὅτι
3336 1853 3396 1902 οὐ
3450 1851 3708 1929 λέγομεν·
3737 1849 3797 1898 οὐ
3834 1847 3939 1915 μὴν
4013 1839 4016 1842 ’

742 1948 1010 2009 dicimus;
1046 1961 1150 1998 non
1182 1957 1357 1997 tamen
1388 1958 1482 2011 per
1514 1943 1616 1994 hoc
1639 1942 1983 2009 significavit,
2005 1938 2145 2006 quod
2177 1953 2281 1990 non

2391 1944 2494 1997 ἀπὸ
2519 1944 2704 1995 τούτου
2729 1944 3041 2011 δεδήλωκεν,
3074 1944 3155 1994 ὅτι
3184 1943 3279 1992 οὐκ
3298 1941 3432 1991 ἐστι*
3468 1920 3717 1991 τοσοῦτον
3755 1936 3809 1988 δὲ
3835 1937 3965 1995 iui,

742 2038 844 2090 sit:
882 2044 1087 2089 tantum
1114 2036 1219 2089 hoc
1243 2035 1439 2093 solum,
1468 2033 1611 2101 quod
1639 2046 1811 2099 neque
1842 2034 1893 2086 in
1923 2046 2074 2084 saera
2105 2029 2288 2093 Scrip-

747 2138 891 2189 tura,
933 2140 1109 2193 neqnc
1150 2124 1204 2176 in
1259 2138 1358 2177 usu
1414 2123 1479 2174 ad
1526 2121 1751 2174 verbum
1805 2121 2112 2187 reperitur;
2147 2117 2288 2185 quod

743 2226 929 2284 postea
960 2229 1029 2266 ex
1076 2211 1257 2265 verbis
1294 2226 1457 2264 sacra:
1490 2210 1787 2278 Scriptura:
1839 2211 2288 2271 demonstratum,

744 2306 816 2358 ita
850 2320 969 2358 esse
997 2310 1259 2356 statutum
1296 2310 1398 2364 est,
1441 2308 1500 2353 ut
1531 2299 1777 2354 ordinem
1819 2298 2096 2351 aseribaut
2124 2298 2292 2351 lucre-

746 2396 977 2447 ticorum
1006 2408 1133 2445 eum
1168 2392 1258 2459 qui
1310 2391 1414 2444 hoc
1446 2406 1551 2443 non
1603 2389 1912 2453 conﬁtetur,
1946 2388 2086 2444 idem
2133 2397 2188 2443 et
2225 2388 2290 2443 de

747 2496 807 2535 re
842 2480 1095 2549 praesenti
1131 2478 1419 2532 dicendum
1449 2488 1552 2533 est.

817 2652 970 2718 Quod
1032 2651 1193 2718 igitur
1243 2651 1528 2720 praeposito
1583 2668 1675 2719 per
1727 2666 1754 2703 a
1790 2653 2174 2720 praepositione
2231 2667 2293 2704 ex

746 2742 882 2796 nihil
923 2739 1157 2802 dilferat,
1194 2738 1296 2791 nisi
1326 2738 1469 2813 quod
1499 2738 1797 2806 distinguat
1829 2738 2161 2806 hypostases,
2210 2750 2292 2791 at—

746 2848 854 2902 que
900 2833 1042 2884 inter
1074 2845 1132 2883 se
1181 2827 1426 2880 ordinem
1459 2826 1670 2878 illarum
1706 2826 1990 2895 significet,
2030 2835 2084 2879 et
2130 2844 2292 2881 unam

747 2938 868 2977 esse
900 2921 1269 2989 operationem
1315 2916 1587 2980 ostendat,
1628 2915 1740 2969 sive
1770 2931 1832 2969 ex
1879 2916 2034 2970 Patre
2069 2932 2165 2985 per
2199 2918 2289 2970 Fi-

749 3014 882 3063 lium
914 3017 1108 3061 cuncta
1160 3005 1375 3059 condita
1426 3020 1545 3058 esse
1578 3003 1850 3069 dicantur,
1900 3006 2016 3059 sive
2042 3020 2105 3059 cx
2142 3007 2295 3058 Patre

749 3115 846 3167 per
913 3096 1106 3150 Filium
1168 3094 1400 3163 Spiritus
1453 3103 1670 3148 sanctus
1726 3094 2016 3160 procedere
2063 3094 2291 3159 dicatur,

749 3186 1093 3240 manifestum
1127 3188 1227 3245 cst,
1262 3198 1383 3235 cum
1405 3198 1471 3234 ex
1501 3182 1611 3249 ipsa
1643 3183 1979 3249 operatione,
2009 3191 2067 3235 ut.
2092 3182 2292 3235 dictum

746 3285 851 3331 est.
890 3284 999 3326 tum
1034 3288 1097 3325 ex
1139 3269 1453 3325 det-toribus
1508 3270 1599 3338 qui
1638 3285 1975 3339 nequaquam
2018 3271 2294 3338 patiuntur

751 3370 987 3431 (efﬂare
1038 3363 1395 3418 differentiam
1437 3363 1668 3430 aliquam
1703 3363 2194 3433 quomodoeunque
2235 3363 2289 3417 in

759 3470 845 3521 his
878 3459 1351 3536 pmposlrionilgns
1384 3457 1452 3508 ob
1484 3472 1641 3508 unam
1678 3456 2054 3519 substantiam,
2087 3465 2142 3508 et
2170 3469 2295 3523 pro-

755 3573 1003 3611 cessum:
1036 3556 1195 3621 idque
1215 3565 1296 3605 est
1324 3546 1565 3603 omnium
1596 3554 1904 3598 sanctorum
1933 3545 2175 3610 Patrum,
2195 3544 2287 3612 qui

754 3647 1070 3700 indistincte
1117 3657 1327 3710 aequum
1360 3656 1476 3693 esse
1516 3644 1867 3701 censuerunt,
1906 3645 2066 3704 atque
2097 3636 2293 3705 proba-

752 3746 880 3789 runt
925 3753 955 3787 a
982 3735 1257 3801 Scriptura
1293 3732 1344 3781 in
1396 3731 1551 3782 Patre
1592 3728 1835 3795 Filioque
1874 3726 2291 3779 indiﬂ‘erentiant

752 3822 1212 3893 prmpositiimum.
1268 3819 1476 3885 Quippe
1537 3816 1849 3869 existimare
1884 3816 1989 3868 has
2030 3816 2292 3883 praeposi-

768 3916 940 3967 tiones
982 3914 1034 3965 in
1075 3911 1230 3963 Patre
1261 3924 1321 3961 ac
1366 3908 1500 3961 Filio
1531 3906 1769 3969 differre,
1806 3907 2150 3973 antiquorum
2183 3906 2293 3959 ha:-

754 4006 1043 4057 rctieorum
1069 4009 1203 4061 erat,
1233 3998 1323 4064 qui
1347 4012 1408 4049 ex
1438 4000 1538 4049 hoc
1561 3995 1876 4050 discrimine
1900 3997 2290 4064 potentiarum,

755 4097 1049 4152 actionum,
1082 4099 1242 4156 atque
1272 4088 1693 4156 processionum,
1734 4098 1790 4141 et
1828 4102 1923 4155 per
1953 4101 2294 4155 consequens

756 4182 1209 4236 substanttarumr
1255 4176 1613 4228 diﬁcrentiam
1695 4176 1950 4228 inducere
2021 4176 2293 4231 volebant.

759 4268 1223 4335 Quemadmodum
1281 4267 1519 4333 profecto
1551 4278 1605 4319 ct
1639 4266 1757 4329 hos,
1792 4268 1883 4335 qui
1924 4283 2068 4319 nunc
2099 4267 2297 4320 distin-

757 4371 922 4425 guere
956 4356 1162 4419 volunt,
1213 4353 1521 4407 necessario
1558 4354 1806 4421 sequitur
1837 4356 1996 4406 etiam
2048 4356 2297 4409 substan-

757 4448 845 4500 tize
880 4444 1177 4498 distinetio.
1222 4442 1388 4512 Hujus
1420 4442 1562 4495 enim
1596 4442 1739 4509 quod
1770 4444 1909 4494 hanc
1939 4443 2292 4495 substantiam

2396 2033 2573 2101 μόνον,
2602 2032 2675 2093 ὡς
2706 2032 2841 2083 ὀὔτε
2873 2034 2931 2084 ἐν
2981 2036 3046 2102 τῇ
3073 2032 3260 2099 Γραφῇ
3314 2028 3435 2079 οὐτε
3480 2030 3536 2079 ἐν
3570 2030 3634 2096 τῇ
3686 2027 3940 2094 συνηθείᾳ

2392 2121 2563 2191 ῥητῶς
2588 2121 2878 2190 ἐμφέρεται
2900 2138 2914 2155 ο
2946 2123 3081 2189 ὅπερ
3114 2121 3336 2188 ὕστερον
3358 2122 3419 2172 ἐκ
3453 2122 3558 2173 τῶν
3579 2122 3675 2188 τῆς
3719 2117 3939 2187 Γραφῆς

2390 2210 2607 2279 ἀληθῶς
2635 2211 2802 2273 οὕτως
2840 2211 3278 2276 ἀποδεδειγμένον
3324 2210 3644 2278 ἐϐεϐαιώθη,
3671 2209 3744 2269 ὡς
3775 2209 3938 2283 ,μετὰ

2388 2302 2498 2356 τῶν
2526 2301 2811 2371 αἱρετικῶν
2839 2300 3089 2369 τετάχθαι
3127 2300 3215 2351 τὸν
3256 2299 3329 2368 μὴ
3362 2299 3518 2351 τοῦτο
3550 2296 3935 2371 ὁμολογοῦντα·

2390 2393 2450 2445 τὺ
2479 2392 2589 2446 ἴσον
2609 2394 2699 2445 οὐν
2730 2392 2822 2444 καὶ
2854 2388 3097 2458 περὶτοῦ
3128 2388 3386 2457 παρόντος
3416 2388 3625 2458 ῥητέον.

3527 2597 3529 2599 ’
3679 2591 3703 2623 9

2462 2658 2584 2710 Ὀτι
2620 2656 2716 2727 μὲν
2766 2656 2908 2723 οῦνὴ
2944 2655 3041 2707 διὰ
3066 2654 3165 2723 τῆς
3195 2656 3263 2708 ἐκ
3308 2654 3457 2707 οὐδὲν
3492 2652 3757 2721 διαφέρει,
3804 2651 3943 2719 πλὴν

2391 2750 2513 2803 ὅσον
2541 2746 2832 2815 διακρίνειν
2854 2746 2951 2807 τὰς
2982 2746 3323 2808 ὑποστάσεις,
3350 2744 3444 2795 καὶ
3471 2742 3567 2811 τὴν
3591 2742 3727 2809 πρὸς
3779 2741 3943 2809 ἀλλή-

2391 2839 2485 2899 λας
2534 2837 2711 2891 αὐτῶν
2763 2834 2912 2899 τάξιν
2972 2835 3272 2901 ἐμφαίνειν,
3321 2834 3413 2884 καὶ
3466 2834 3593 2902 μίαν
3654 2827 3791 2884 εἶναι
3842 2830 3941 2899 τὴν

2394 2929 2667 2994 ἐνέργειαν
2712 2926 3035 2994 παρίστησιν
3082 2926 3189 2977 εἴτε
3237 2926 3298 2977 ἐκ
3335 2922 3427 2975 τοῦ
3484 2922 3693 2990 Πατῃὺς
3729 2923 3815 2975 διὰ
3847 2921 3940 2975 τοῦ

2393 3015 2522 3067 Υἱοῦ
2554 3016 2619 3067 τὰ
2643 3015 2815 3066 πάντα
2838 3015 3300 3082 δημιουργηθῆναι
3322 3012 3556 3078 λέγεται,
3610 3011 3708 3064 εἶτ’
3742 3014 3805 3064 ἐκ
3848 3009 3942 3063 τοῦ

2395 3108 2601 3175 Πατρὶς
2625 3106 2711 3159 διὰ
2731 3104 2823 3157 τοῦ
2858 3092 2985 3157 Υἱοῦ
3016 3106 3075 3157 τὸ
3110 3090 3327 3173 Πνεῦμα
3347 3104 3405 3155 τὸ
3434 3103 3587 3171 ἆγιον
3644 3102 3941 3170 ἐκπορεύε-

2360 3206 2364 3261 ‘,
2400 3197 2539 3260 σθαι,
2564 3194 2714 3264 δῆλον
2746 3195 2849 3246 ἀπό
2871 3211 2927 3245 τε
2948 3194 3047 3262 τῆς
3092 3194 3358 3262 ἐνεργείας
3397 3192 3583 3259 αὐτῆς,
3610 3192 3683 3254 ὡς
3706 3193 3939 3260 εῐρηται,

2395 3286 2499 3338 ἀπό
2554 3302 2613 3336 τε
2669 3286 2775 3337 τῶν
2836 3284 3166 3336 διδασκάλων
3226 3282 3448 3351 μηδαμῆ
3502 3280 3943 3349 καταδεχομένων

2391 3376 2648 3443 διαφοράν
2667 3390 2783 3425 τινα
2808 3375 2901 3426 καὶ
2918 3373 3161 3425 ὁπωσοῦν
3186 3373 3277 3424 ἐπὶ
3298 3372 3497 3423 τούτων
3513 3370 3618 3422 τῶν
3639 3369 3943 3439 προθέσεων

2394 3465 2589 3526 ἐννοεῖν
2618 3464 2704 3515 διὰ
2729 3465 2825 3530 τὴν
2856 3463 2981 3531 μίαν
3034 3462 3217 3515 οὐσίαν
3247 3462 3340 3515 καὶ
3390 3462 3631 3529 πρόοδονο
3660 3461 3754 3514 καὶ
3799 3457 3944 3509 τοῦτ’

2393 3554 2509 3605 ἐστὶ
2541 3554 2754 3605 πάντων
2782 3552 2885 3614 τῶν
2915 3552 3072 3604 Θείων
3131 3551 3382 3619 Πατέρων
3425 3551 3737 3619 ἀδιορίστως
3785 3548 3947 3612 ἀξιω-

2393 3644 2622 3709 σάντων,
2680 3644 2773 3695 καὶ
2836 3643 3153 3697 δεικνύντων
3199 3641 3301 3693 ἀπὸ
3332 3640 3428 3706 τῆς
3466 3639 3683 3706 Γραφῆς
3737 3639 3799 3690 τὸ
3837 3636 3945 3689 τῶν

2395 3734 2703 3805 προθέσεων
2741 3732 3027 3799 ἀδιάφορον
3051 3732 3142 3785 ἐπὶ¹
3170 3729 3377 3797 Πατρὶς
3420 3731 3511 3781 καὶ
3560 3730 3715 3781 Υίοῦ·
3747 3730 3808 3782 τὸ
3838 3731 3947 3798 γὰρ

2393 3825 2666 3894 διαφέρειν
2692 3823 2896 3875 οἴεσθαι
2931 3822 3128 3882 ταύτας
3183 3823 3273 3872 ἐπὶ
3304 3821 3510 3886 Πατρδς
3544 3823 3636 3872 καὶ
3662 3821 3793 3873 Υἱοῦ
3840 3821 3947 3873 τῶν

2394 3916 2634 3969 παλαιῶν
2666 3913 2948 3983 αἱρετικῶν
2979 3908 3065 3981 ἦν,
3094 3912 3422 3980 βουλομένων
3444 3912 3548 3963 ἀπὸ
3570 3912 3665 3979 τῆς
3685 3912 3947 3980 διαφορᾶς

2394 4003 2596 4067 ταύτης
2630 4001 2906 4069 δυνάμεων
2963 3998 3056 4049 καὶ
3106 3997 3389 4066 ἐνεργειῶν
3434 4000 3526 4050 καὶ
3562 3998 3821 4067 προόδων,
3856 3999 3948 4049 καὶ

2395 4092 2693 4151 ἀκολούθως
2744 4089 2938 4141 οὐσιῶν
2986 4088 3245 4155 διαφορὰν
3302 4086 3570 4153 εἰσάγειν·
3634 4088 3826 4156 ὥσπερ
3883 4088 3946 4156 δὴ

2394 4184 2617 4243 καὶτοῖς
2642 4179 2733 4232 νῦν
2775 4181 2997 4246 διαιρεῖν
3027 4176 3360 4279 βουλομένοιῇ
3401 4176 3457 4240 ἐξ
3492 4178 3727 4247 ἀνάγκης
3784 4181 3880 4231 καὶ
3915 4182 3946 4248 ὴ

2394 4273 2490 4341 τῆς
2512 4272 2693 4332 οὐσίας
2726 4270 2983 4337 διαίρεσις
3009 4270 3213 4322 ἕπεται.
3240 4268 3350 4320 Τοῦ
3380 4269 3487 4338 γὰρ
3524 4268 3596 4338 μὴ
3620 4270 3713 4322 καὶ
3736 4271 3944 4338 ταύτην

2392 4362 2617 4431 διαιρεῖν
2643 4360 2738 4427 οὐκ
2764 4359 2943 4423 ἕξουσι
2979 4359 3074 4427 τὴν
3096 4359 3269 4410 αἰτίαν
3315 4360 3487 4411 εἰπεῖν
3510 4375 3521 4387 ·
3559 4360 3590 4427 ἢ
3640 4360 3743 4428 γὰρ
3794 4361 3947 4413 οὐδὲν

2395 4452 2527 4521 πρὸς
2557 4452 2651 4519 τὴν
2679 4436 2771 4502 τοῦ
2803 4449 3108 4519 Πνεύματος
3138 4449 3357 4517 πρόοδον
3397 4452 3429 4515 ἡ
3461 4447 3556 4502 διὰ
3588 4450 3943 4518 συνεισφέρει,

759 4553 866 4591 non
897 4535 1246 4602 distinguant,
1280 4548 1491 4585 causam
1522 4533 1699 4585 dicere
1732 4547 1835 4585 non
1871 4532 2162 4585 habebunt.
2200 4533 2287 4587 Vel

2393 4545 2433 4610 ἢ,
2460 4541 2795 4610 συνεισφέρει
2829 4541 2947 4607 μὲν,
2983 4540 3145 4606 ἀτελῆ
3169 4539 3246 4604 δὲ,
3279 4539 3310 4607 ἢ
3346 4538 3657 4608 ὀργανικὴν,
3689 4540 3721 4607 ἢ
3754 4540 3946 4612 ὥσπερ

756 4626 901 4676 enim
931 4623 1238 4691 praepositio
1270 4637 1358 4689 per
1404 4621 1467 4672 ad
1501 4621 1897 4688 processionem
1945 4620 2181 4687 Spiritus
2207 4622 2289 4675 ni-

757 4715 833 4767 hil
866 4715 1095 4772 confert.
1145 4711 1226 4764 vel
1271 4710 1480 4762 confert
1513 4710 1755 4777 quidem,
1800 4711 1891 4762 sed
1925 4710 2293 4777 imperfectam

756 4819 994 4864 causam.
1029 4817 1121 4855 seu
1166 4800 1654 4861 instrumentalem,
1690 4814 1785 4852 seu
1815 4808 2065 4867 tanquam
2100 4816 2194 4870 per
2222 4803 2297 4857 lo-

756 4912 901 4959 cum,
951 4909 1044 4947 seu
1079 4906 1172 4959 per
1220 4900 1463 4957 tempus;
1512 4889 1602 4942 sed
1647 4890 1901 4955 quoniam
1947 4905 2145 4944 vanum
2179 4904 2298 4949 erat

762 4990 1063 5052 diecreper
1099 4981 1311 5039 Filium,
1362 4980 1494 5033 nihil
1527 4980 1682 5045 plane
1713 4981 2052 5049 signiﬁcante
2089 4998 2294 5051 [impo-

759 5076 979 5135 sitione,
1012 5079 1179 5123 restat
1208 5079 1265 5121 ut
1299 5082 1418 5119 cum
1448 5068 1570 5131 alia,
1602 5083 1721 5135 qua:
1748 5081 2059 5137 supersunt,
2098 5086 2297 5139 nequa-

759 5178 918 5233 quam
952 5161 1272 5216 conveniant
1310 5158 1435 5221 Deo,
1478 5158 1724 5212 dicamus
1753 5160 1997 5213 conferre
2033 5164 2198 5229 ipsam
2231 5163 2296 5215 ad

759 5255 878 5317 hoc,
909 5251 1048 5321 quod
1082 5267 1145 5301 ex
1172 5250 1325 5303 Patre
1356 5249 1784 5302 substantialiter
1818 5251 2073 5317 procedat
2101 5268 2298 5306 secun-

758 5348 884 5397 dum
916 5342 1160 5395 eamdem
1190 5350 1243 5391 et
1270 5354 1427 5390 unam
1463 5341 1881 5405 processionem,
1918 5352 2077 5410 atque
2106 5359 2295 5413 opera-

760 5437 959 5488 tionem
994 5433 1056 5483 ad
1085 5432 1312 5481 dandam
1362 5431 1457 5497 ipsi
1500 5432 1927 5493 subsistentiam,
1968 5435 2109 5499 quod
2134 5436 2295 5488 etiam

760 5524 929 5574 sancti
976 5522 1320 5573 conﬁtentur.
1349 5522 1501 5585 Quod
1540 5523 1682 5573 enim
1717 5538 1811 5589 per
1842 5523 2056 5589 aliquod
2088 5536 2166 5576 est
2197 5540 2295 5575 na-

762 5614 1023 5669 turaliter,
1068 5622 1228 5661 et'tttttt
1265 5628 1326 5661 ex
1380 5614 1495 5677 ipse
1525 5623 1639 5676 cst;
1686 5620 1739 5663 et
1772 5613 1871 5665 hoc
1907 5614 2074 5680 magis
2120 5614 2295 5665 valere

2394 4632 2481 4683 διὰ
2510 4632 2673 4683 τόπου
2708 4629 2975 4698 ἣχρόνου.
3013 4629 3170 4681 Ἀλλὰ
3205 4630 3309 4698 μὴν
3357 4630 3477 4679 ἐπεὶ
3516 4632 3734 4695 μάταιον
3781 4625 3853 4699 ἦν
3883 4611 3948 4683 δι’

2398 4719 2523 4773 Υἱοῦ
2554 4719 2727 4786 λέγειν
2747 4716 2854 4771 οὐδ’
2883 4717 3056 4769 ὁτιοῦν
3098 4716 3357 4785 δηλούσης
3385 4720 3481 4783 τῆς
3515 4715 3723 4781 λέξεως,
3762 4716 3957 4768 λείπε-“

2395 4822 2506 4873 ται,
2531 4808 2635 4859 τῶν
2680 4806 2847 4859 ἄλλω)
2872 4805 2945 4866 ὡς
2983 4804 3190 4874 οὐδαμῆ
3235 4804 3613 4872 προσηκόντων
3661 4796 3756 4857 ἐπὶ
3809 4806 3943 4858 Θεοῦ

2399 4896 2896 4967 παραλειπομένων,
2952 4895 3129 4961 λέγειν
3183 4895 3551 4962 συνεισφέρειν
3596 4894 3761 4961 αὐτὴν
3796 4896 3858 4947 τὸ
3883 4898 3943 4947 ἐκ

2397 4989 2486 5040 τοῦ
2515 4986 2723 5053 Πανυρὺς
2751 4984 3016 5039 οὐσιωδῶς
3062 4970 3302 5052 προϊέναι
3332 4985 3469 5034 κατά
3524 4983 3619 5050 τὴν
3652 4983 3823 5052 αὐτὴν
3854 4986 3945 5037 καὶ

2402 5078 2529 5145 μίαν
2553 5076 2772 5145 πρόοδον
2796 5076 2887 5127 καὶ
2913 5075 3191 5143 ἐνέργειαν
3248 5058 3591 5142 ὐπαρκτικῶς
3628 5075 3689 5126 τὸ
3718 5075 3943 5143 Πνεῦμα

2398 5169 2458 5219 τὸ
2485 5166 2658 5233 ἅγιον.
2693 5168 2757 5217 "O
2793 5166 2887 5217 καὶ
2915 5165 3063 5233 παρὰ
3118 5164 3221 5217 τῶν
3257 5167 3420 5229 ἁγίων
3474 5164 3814 5236 ὁμολογεῖται
3836 5182 3851 5195 ·
3883 5167 3943 5219 τὸ

2397 5258 2503 5326 γὰρ
2534 5258 2619 5310 διά
2648 5273 2786 5317 τινος
2819 5255 2876 5307 ὂν
2910 5255 3150 5323 φυσικῶς
3212 5258 3303 5307 καὶ
3358 5256 3415 5317 ἐξ
3468 5256 3629 5308 αὐτοῦ
3657 5259 3773 5309 ἐστι
3796 5272 3814 5290 ο
3851 5261 3942 5317 καὶ

2394 5345 2549 5398 τοῦτο
2601 5345 2795 5414 μᾶλλον
2834 5344 3033 5413 ίσχύειν
3063 5348 3174 5397 ἐκεῖ
3196 5345 3372 5396 ίοτέον
3399 5345 3483 5397 διὰ
3518 5346 3578 5398 τὸ
3608 5346 3705 5414 τῆς
3753 5346 3943 5412 οὐσίας

2393 5435 2606 5497 ταυτὸν,
2638 5435 2729 5484 καὶ
2755 5434 2807 5486 τὸ
2858 5436 2991 5501 πρὸς
3021 5436 3110 5487 τὸν
3147 5436 3359 5502 Πατέρα
3410 5436 3501 5486 τοῦ
3535 5436 3665 5486 Υίοῦ
3696 5438 3939 5504 όμόοεον,

2395 5527 2487 5579 καὶ
2504 5526 2599 5592 τὴν
2623 5525 2785 5592 ἄλλην
2817 5528 2962 5594 παρὰ
2985 5530 3048 5595 τῇ
3079 5527 3262 5594 Γραφῇ
3288 5526 3417 5594 πρὸς
3442 5528 3643 5577 ἐκεῖνον
3684 5526 3941 5593 ταυτότη·

2396 5633 2458 5665 τα
2518 5616 2611 5665 καὶ
2670 5616 3107 5684 ἀπαραλλαξίαν·
3158 5619 3293 5686 πρὸς
3340 5620 3397 5693 .δέ
3458 5616 3549 5667 καὶ
3605 5616 3665 5667 τὸ
3716 5619 3781 5670 ἐκ
3838 5616 3936 5679 τῆς
