4126 6322
189 337 321 417 933'

1109 362 1205 419 DE
1247 362 1755 423 PROCESSIONE
1796 361 2147 424 SPIRITUS
2197 362 2487 423 SANCTI.

3305 369 3411 430 9f“

185 445 376 508 οὐσίας
416 446 505 499 τοῦ
540 446 668 498 Υίοῦ
699 446 947 516 λέγεσθαι
982 453 1074 501 καὶ
1106 452 1163 517 ἐξ
1192 454 1355 506 αὐτου
1388 456 1637 521 προϊέναι
1670 469 1737 505 κα

1837 503 1841 514 _
1873 449 1951 504 ibi
1991 451 2228 505 dandum
2278 462 2381 515 est,
2421 462 2641 521 propter
2690 453 3023 510 identitatem
3053 459 3319 526 essentia,
3355 475 3409 513 et

182 529 347 586 εἶναι.

1867 540 1993 609 quia
2023 540 2192 593 Filius
2225 557 2362 594 unus
2409 550 2490 594 est
2520 558 2641 594 cum
2671 544 2827 598 Patre
2869 546 3043 611 Deus;
3069 557 3226 617 atque
3255 551 3409 617 juxta

180 639 395 677 sacram
425 626 761 696 Seriptarum
786 628 838 682 in
866 631 1089 700 reliquis
1111 648 1216 687 una
1240 642 1324 687 est
1346 632 1560 686 illorum
1585 631 1837 685 identitas
1872 639 1927 684 et
1958 630 2471 686 incommutabilitas
2534 632 2777 687 Deitatis.
2839 636 2919 690 Ad
2960 637 3093 702 hate,
3152 649 3207 693 et
3263 651 3405 708 quod

178 730 248 769 ex
286 717 589 772 substantia
618 720 738 774 Filii
770 720 1007 790 Spiritus
1033 724 1265 787 dicatur,
1294 734 1350 778 et
1374 740 1438 778 ex
1472 726 1591 793 ipso
1617 722 1910 792 procedere
1938 732 1992 777 et
2019 737 2164 776 csse.

257 808 378 859 Ἔτι
405 809 460 861 δὲ
490 812 585 863 καὶ
615 813 769 865 αὐτοὶ
803 814 851 866 oi
881 815 1249 882 ἀντιλέγοντες
1295 816 1397 884 ,τὴν
1435 818 1737 885 ἐνέργειαν,

176 898 212 965 ἢ
243 900 345 968 τὴν
366 901 672 971 άγαθότητα
699 904 789 956 καὶ
813 906 910 972 τὴν
974 906 1118 973 ζωὴν
1152 907 1245 959 τοῦ
1275 906 1431 968 Θεοῦ,
1461 908 1493 976 ἢ
1523 908 1589 958 τὰ
1640 906 1745 958 ὑπὸ

172 992 293 1042 τῶν
345 990 640 1059 ἀνθρώπων
686 994 833 1061 παρὰ
869 994 961 1047 τοῦ
991 996 1124 1047 Θεοῦ
1157 997 1233 1058 εἷς
1276 1000 1335 1049 τὸ
1390 998 1742 1065 μετέρχεσθαι

176 1076 570 1147 λαμϐανόμενα
599 1082 930 1147 χαρίσματα,
964 1082 999 1133 ἃ
1032 1081 1096 1149 δὴ
1127 1083 1301 1135 πάντα
1348 1082 1577 1135 άκτιστα
1603 1080 1743 1136 εἶναι

182 1165 469 1230 βούλονται
499 1169 593 1219 καὶ
616 1168 841 1236 διάφορα
868 1170 963 1236 τῆς
1013 1170 1199 1231 οὐσίας
1234 1172 1549 1239 πράγματα,
1580 1173 1742 1248 φασὶν

176 1255 243 1304 ἐν
272 1257 409 1325 αὑτῇ
453 1259 517 1325 τῇ
542 1256 698 1325 οὐσίᾳ
723 1258 815 1309 τοῦ
837 1258 969 1311 Θεοῦ
1020 1260 1359 1328 ὲνιδρυμένα,
1395 1263 1486 1311 καὶ
1542 1261 1742 1330 ταύτην

176 1348 368 1400 αὐτῶν
412 1350 586 1402 αἰτίαν
639 1345 796 1412 εἴναι,
854 1351 947 1402 νῦν
994 1352 1089 1418 μὲν
1143 1354 1206 1403 ἐκ
1250 1351 1341 1403 τοῦ
1387 1351 1590 1420 Πατρδς
1651 1352 1742 1403 καὶ

176 1439 279 1491 τοῦ
347 1438 508 1501 Υίοῦ,
545 1439 638 1491 νῦν
690 1439 745 1491 δὲ
789 1441 852 1493 ἐκ
902 1442 993 1493 τοῦ
1052 1442 1259 1511 [ἰατρὸς
1321 1444 1414 1495 καὶ
1458 1442 1552 1494 τοῦ
1612 1438 1737 1496 Υίοῦ

176 1529 283 1581 καὶ
324 1528 411 1582 τοῦ
457 1530 613 1596 άγίου
655 1531 967 1602 Πνεὺματος
1008 1531 1107 1598 τὴν
1154 1530 1382 1597 ὓπαρξιν
1425 1532 1567 1600 ἔχειν
1612 1533 1739 1603 ὀμο-

177 1620 486 1685 λογοῦντες.
529 1621 622 1673 Ἐκ
652 1623 758 1689 γάρ
780 1624 887 1675 τῶν
936 1623 1099 1690 τριῶν
1148 1623 1488 1674 ὑποστάσεων
1522 1624 1741 1675 unum
1780 1674 1781 1677 η

175 1712 416 1766 τιθέασι.
470 1711 637 1765 Τοῦτο
684 1714 729 1766 δ’
777 1714 874 1766 οὐκ
930 1712 995 1765 ἂν
1041 1713 1256 1775 πάντως
1315 1714 1514 1780 ἔλεγον,
1562 1714 1609 1765 εί
1662 1714 1735 1783 μὴ

175 1806 282 1866 τὰς
309 1805 627 1868 ὑποστάσεις
646 1804 748 1873 τὴν
800 1805 985 1856 οὐσίαν
1034 1800 1171 1856 εἶναι
1200 1805 1292 1856 τοῦ
1328 1803 1458 1856 Θεοῦ
1486 1804 1737 1872 ἡγοῦντο,

173 1894 323 1961 ὅπερ
342 1895 485 1946 ἐστὶν
511 1894 750 1946 ἐναντίον
777 1888 857 1956 οἷς
893 1894 1264 1962 ἀδολεσχοῦσιν
1291 1893 1544 1960 ἀλλαχοῦ.
1571 1892 1738 1961 Δῆλον

172 1988 363 2038 τοίνυν
393 1989 455 2038 ὲκ
483 1986 686 2039 τούτων
720 1987 813 2038 καὶ
861 1988 1013 2039 αὑτοὶ
1062 1985 1321 2050 ποιοῦσιν,
1354 1986 1428 2046 ὡς
1482 1985 1737 2054 οὐδεμίαν

1919 814 2213 877 Praeterea,
2246 816 2408 869 etiam
2441 814 2563 883 ipsi,
2613 820 2706 885 qui
2762 820 3160 889 contradicunt,
3218 839 3409 891 opera-

1852 901 2077 967 tionem,
2112 917 2206 956 seu
2260 904 2579 968 bonitatem,
2614 920 2677 959 ac
2707 908 2870 960 vitam
2924 908 3039 972 Dei,
3071 912 3153 963 vel
3201 912 3408 965 charis-

1851 1000 1997 1044 mata
2032 1008 2153 1059 quae
2178 994 2427 1049 homines
2470 1012 2497 1048 a
2530 996 2639 1049 Deo
2670 998 2968 1065 accipiunt,
3005 1008 3065 1052 ut
3093 1013 3406 1068 operentur,

1849 1098 1969 1151 quae
2013 1098 2143 1137 sane
2193 1089 2374 1141 omnia
2418 1089 2653 1142 increata
2705 1106 2823 1143 esse
2877 1091 3087 1154 volunt,
3138 1101 3298 1161 atque
3340 1096 3407 1144 ab

1847 1175 2080 1228 essentia
2131 1175 2372 1231 diversas
2429 1193 2515 1233 res
2566 1196 2704 1243 esse,
2762 1183 2817 1235 in
2868 1182 2980 1249 ipsa
3028 1182 3121 1235 Dei
3173 1185 3407 1236 essentia

1849 1263 2085 1317 insidere
2120 1266 2291 1325 aiunt,
2324 1278 2378 1319 et
2418 1282 2535 1320 eam
2578 1272 2769 1323 horum
2810 1287 2928 1325 esse
2971 1288 3211 1337 causam,
3266 1287 3408 1326 nunc

1855 1350 2077 1420 quidem
2113 1372 2175 1407 ex
2218 1357 2371 1410 Patre
2400 1374 2493 1425 per
2528 1360 2756 1423 Filium;
2810 1377 2954 1414 nunc
2986 1378 3116 1415 vero
3144 1380 3205 1415 ex
3250 1365 3407 1419 Putre

1849 1442 2096 1513 Filioque
2121 1461 2183 1498 ac
2215 1446 2417 1514 Spiritu
2444 1460 2630 1502 saneto
2673 1450 3041 1504 exsistentiam
3096 1454 3292 1507 habere
3324 1455 3421 1507 fa-i

1846 1546 2051 1589 tentur.
2087 1536 2300 1589 Etenim
2326 1553 2389 1590 ex
2424 1540 2596 1592 tribus
2622 1540 3000 1609 hyposlasihus
3039 1553 3255 1596 causata
3285 1560 3407 1601 esse

1844 1637 2067 1677 censent
2104 1644 2117 1676 ε
2152 1627 2292 1692 quod
2345 1628 2567 1679 omnino
2618 1645 2723 1681 non
2773 1631 3040 1693 dicerent,
3080 1632 3182 1685 nisi
3236 1635 3406 1702 hypo-

1843 1724 2013 1767 stases
2042 1716 2329 1767 essentiam
2378 1717 2471 1770 Dei
2518 1732 2639 1770 esse
2677 1720 3076 1786 existimarent,
3118 1726 3262 1790 quod
3322 1737 3405 1779 est

1845 1806 2175 1857 contrarium
2216 1807 2297 1858 his
2327 1822 2445 1874 qua:
2477 1808 2604 1860 alibi
2662 1810 2929 1876 garriunt.
2981 1810 3054 1863 Ex
3100 1812 3185 1866 his
3238 1814 3404 1883 igitur

1849 1897 2193 1950 manifestum
2242 1908 2344 1961 est,
2377 1900 2519 1968 quod
2570 1900 2732 1953 etiam
2784 1901 2885 1970 ipsi
2934 1904 3137 1956 nullam
3194 1915 3404 1974 ponunt

1849 1986 2214 2041 diﬂerentiam
2293 1988 2345 2041 in
2420 1989 2503 2043 his
2572 1980 3110 2058 pra'positionibus,‘
3151 1996 3403 2050 videlicet

173 2077 443 2144 διαφοράν
471 2062 539 2128 ti:
590 2076 761 2129 ιὺτῶν
789 2076 898 2128 τῶν
927 2075 1231 2143 προθέσεων
1258 2075 1511 2139 τίθενται,
1549 2075 1733 2143 δηλον-

1844 2089 2063 2147 propter
2097 2078 2432 2139 identitatem
2469 2092 2630 2149 atque
2690 2083 3112 2137 indiﬂ‘erentiam
3152 2068 3405 2141 substan-

171 2168 263 2220 ότι
316 2167 399 2219 διὰ
434 2167 495 2219 τὸ
521 2167 619 2234 τῆς
641 2167 828 2228 οὐσίας
854 2168 946 2219 καὶ
980 2167 1075 2233 τῆς
1101 2167 1322 2235 προόδου
1348 2167 1443 2217 καὶ
1466 2164 1741 2233 ἐνεργείας

172 2259 382 2311 ταυτὸν
411 2258 508 2309 καὶ
567 2257 876 2326 ἀδιάφορον.
913 2249 1463 2326 Προσεμφαίνουσιδὲ
1520 2256 1613 2306 καὶ
1658 2255 1739 2306 ὅτι

168 2350 279 2400 οὐκ
327 2349 419 2399 ἐπὶ
451 2347 558 2397 τῶν
621 2348 849 2399 κτιστῶν
917 2348 1078 2415 μόνον
1134 2346 1291 2416 ἡδιὰ
1345 2345 1479 2411 πρὸς
1530 2345 1628 2413 τὴν
1667 2344 1735 2396 ἐκ

168 2437 619 2505 ἁντιμεθίσταται
652 2438 713 2507 (ὃ
741 2438 882 2491 κατὰ
909 2441 1006 2507 τῆς
1032 2438 1137 2489 τῶν
1197 2438 1366 2503 ἁγίων
1395 2437 1548 2488 αὐτοὶ
1600 2452 1736 2505 προ-

166 2528 413 2579 τείνουσι
438 2527 800 2589 διδασκαλίας,
827 2528 1166 2591 ἀξιωσάντων
1201 2526 1506 2594 άδιαφορεῖν
1535 2524 1737 2585 ταύτας

167 2619 271 2669 ἐπὶ
296 2619 403 2668 τῶν
429 2618 589 2671 θείων
638 2618 845 2681 ἁπλῶς,
880 2619 953 2680 ώς
1019 2620 1254 2685 εἴρηται)
1283 2657 1296 2679 ,
1322 2617 1455 2668 ἀλλά
1504 2617 1599 2668 καὶ
1646 2614 1737 2666 ἐπὶ

167 2708 288 2759 τῶν
322 2708 588 2762 άκτίστων
622 2709 790 2771 αὑτάς
840 2709 1137 2777 ὑποχωρεῖν
1172 2707 1426 2774 ἀλλήλαις
1462 2706 1557 2757 καί
1591 2704 1736 2757 άντι-

172 2799 558 2865 μεθίστασθαι.
591 2799 828 2851 Πειθέτω
856 2799 911 2850 δὲ
944 2800 1138 2860 αὐτοὺς
1172 2800 1265 2849 καὶ
1293 2798 1359 2849 τά
1407 2795 1737 2859 ὑποδείγμα-

168 2910 266 2953 τα,
298 2885 378 2951 οἷς
398 2893 443 2941 oi
469 2892 775 2942 διδάσκαλοι
828 2892 959 2957 προς
1010 2888 1231 2950 ἔνδειξιν
1281 2886 1381 2953 τῆς
1443 2884 1582 2936 κατά
1639 2880 1733 2950 τὴν

168 2981 384 3050 Τριάδα
404 2980 511 3031 τῶν
542 2980 846 3047 προσώπων
870 2978 1094 3045 προόδου
1119 2978 1211 3029 καὶ
1239 2977 1438 3040 τάξεως
1474 2973 1735 3041 ἐχρήσαν-

108 3128 109 3131 η
168 3088 258 3131 το,
288 3065 399 3121 οἷον
418 3068 589 3137 ⁴ίίῖλιον,
614 3071 807 3122 ἀκτῖνα
837 3070 930 3121 καὶ
963 3068 1094 3135 φῶς,
1118 3066 1415 3135 ὀφθαλμὸν,
1438 3064 1530 3115 καὶ
1552 3060 1732 3128 πηγὴν

170 3168 271 3216 καὶ
296 3164 535 3232 ποταμόν
556 3178 572 3195 '
608 3162 686 3215 ἔτι
718 3162 774 3214 δὲ
801 3162 979 3230 πηγὴν
1007 3161 1097 3213 καὶ
1129 3160 1368 3223 ποταμὸν
1405 3157 1497 3209 καὶ
1516 3155 1729 3221 λίμνην,
1781 3179 1801 3201 .

170 3257 204 3326 ἦ
240 3256 420 3325 ῥίζαν,
444 3254 673 3325 καρπὸν,
701 3256 796 3307 καὶ
825 3253 1034 3315 κλάδον,
1069 3254 1163 3303 καὶ
1190 3253 1285 3303 ὅσα
1306 3248 1545 3302 τοιαῦτα’
1573 3248 1629 3297 ὲν
1651 3239 1730 3303 οἷς

1848 2168 1961 2228 tiae,
2017 2169 2511 2236 processionisqne,
2565 2179 2727 2238 atque
2782 2173 3131 2240 Operationis.
3181 2175 3403 2243 Insuper

1838 2264 2017 2314 autem
2060 2255 2319 2318 indicant,
2352 2257 2498 2324 quod
2524 2273 2634 2310 non
2668 2260 2843 2312 solum
2878 2250 2930 2313 in
2952 2262 3149 2315 creatis
3182 2278 3389 2331 praepo-

1836 2345 1962 2400 sitio
2022 2360 2116 2414 per
2178 2345 2244 2408 ad
2296 2346 2730 2414 prapositionem
2785 2365 2847 2401 ea:
2906 2351 3143 2405 vicissim
3205 2354 3399 2407 transit

1838 2435 2005 2506 (quod
2042 2444 2230 2509 contra
2262 2436 2563 2490 doctrinam
2617 2447 2925 2493 sanctorum
2963 2441 3257 2511 objectant,
3306 2443 3401 2512 qui

1835 2536 2059 2581 censent
2113 2527 2210 2581 has
2259 2529 2673 2597 praepositiones
2735 2530 2786 2584 in
2839 2531 3039 2586 divinis
3080 2530 3401 2602 simpliciter

1835 2615 1967 2667 nihil
2026 2615 2225 2669 habere
2272 2617 2629 2689 discriminis,
2668 2629 2723 2671 ut
2772 2618 2975 2672 dictum
3032 2622 3157 2689 est),
3210 2636 3397 2675 verum

1834 2704 1999 2755 etiam
2030 2704 2085 2755 in
2115 2685 2367 2757 increa'tis
2401 2705 2494 2757 has
2526 2705 2720 2758 cedere
2765 2706 3023 2771 invicem,
3069 2716 3125 2760 et
3170 2708 3398 2761 alteram

1836 2793 1888 2844 in
1921 2793 2149 2845 alteram
2196 2793 2434 2847 vicissim
2484 2796 2737 2847 transire.
2797 2794 3164 2850 Persuadeant
3212 2807 3391 2849 autem

1834 2883 1969 2950 ipsis
1999 2883 2162 2936 etiam
2190 2885 2456 2951 exempla,
2488 2884 2688 2953 quibus
2719 2886 2970 2939 doctores
3000 2885 3065 2941 ad
3100 2886 3397 2939 ostenden-

1834 2973 1962 3026 dum
1997 2988 2329 3041 processum,
2368 2984 2423 3027 et
2465 2976 2710 3029 ordinem
2763 2992 3114 3043 personarum
3169 2980 3222 3031 in
3274 2981 3399 3031 Tri-

1831 3062 2001 3115 nitate
2035 3063 2115 3115 usi
2146 3073 2292 3127 sunt,
2320 3065 2484 3117 veluti
2518 3066 2649 3128 sole,
2678 3067 2932 3124 radio.ac
2956 3069 3075 3121 luce
3096 3086 3108 3121 :
3132 3070 3292 3121 oculo
3320 3070 3394 3125 (id

1830 3162 1931 3216 est,
1965 3154 2135 3221 prima
2164 3154 2325 3208 fontis
2350 3155 2701 3222 scaturigine)
2734 3167 2789 3211 et
2836 3157 3007 3222 fonte,
3036 3172 3097 3211 ac
3131 3158 3397 3224 ﬂumine;

1833 3244 2052 3311 insuper
2080 3245 2240 3297 etiam
2273 3245 2442 3311 fonte,
2481 3246 2720 3310 ﬂumine,
2751 3257 2910 3316 atque
2942 3248 3165 3316 palude;
3199 3248 3281 3301 vel
3312 3265 3397 3301 ra-

168 3312 335 3414 έῆλον
365 3312 719 3417 τηννῦιπαρέιν
741 3341 881 3409 ἔχειν
922 3341 979 3392 τὺ
1021 3312 1211 3407 τρίτον
1276 3340 1340 3389 ἐκ
1388 3336 1481 3389 τοῦ
1511 3335 1725 3405 πρώτου

1837 3334 1965 3396 dice,
1992 3350 2160 3396 ramo,
2181 3344 2235 3388 et
2264 3337 2460 3398 frui-tu,
2480 3346 2535 3391 et
2556 3312 2855 3403 similibus;
2881 3312 3151 3406 in—quibus
3171 3340 3396 3394 mande-

169 3434 266 3486 διὰ
302 3432 392 3483 τοῦ
431 3432 597 3501 μέσου
632 3431 771 3481 κατὰ
801 3430 927 3498 μίαν
958 3429 1180 3497 πρόοδον
1210 3427 1344 3496 μετὰ
1390 3428 1481 3479 καὶ
1509 3426 1599 3479 τοῦ
1632 3426 1728 3494 τὴν

172 3521 413 3590 φυσικὴν
450 3522 739 3588 συνάφειαν
769 3521 864 3571 καὶ
896 3520 1121 3589 ἑνότητα
1175 3519 1305 3588 πρὸς
1363 3518 1563 3585 ἄλληλα
1595 3518 1725 3568 ἀπο-

173 3615 394 3679 σώζειν.

264 3704 388 3770 Ἀφ’
414 3696 488 3757 ὧν
529 3703 938 3772 ὑποδειγμάτων
970 3703 1161 3771 δήπου,
1186 3703 1281 3771 τῆς
1320 3702 1447 3770 ῦλης
1478 3701 1569 3753 καὶ
1626 3702 1729 3752 τῶν

170 3794 300 3849 κατ’
339 3795 506 3864 αὐτὴν
542 3795 918 3865 διαστημάτων
969 3797 1065 3848 καὶ
1108 3795 1206 3859 τῆς
1268 3795 1536 3861 ἑπομένης
1594 3792 1727 3861 αὐτῇ

171 3884 353 3955 ῥοπῆς
378 3885 1011 3953 ἀφαιρουμένωνμαυτὶ
1062 3889 1170 3957 γὰρ
1224 3887 1315 3939 ἐπὶ
1363 3884 1493 3937 Θεοῦ
1550 3883 1731 3951 χώραν

170 3979 276 4030 οὐκ
312 3978 441 4045 ἔχει,
482 3976 546 4030 δι’
606 3978 641 4031 ἃ
669 3978 731 4048 δὴ
790 3981 882 4031 καὶ
928 3980 1193 4043 πολλάκις
1233 3968 1299 4031 τὰ
1363 3958 1730 4045 ὑποδείγματα

171 4068 292 4127 τοῖς
344 4064 679 4127 διδασκάλοις
746 4066 870 4119 ὅσον
933 4068 989 4139 ὲν
1042 4067 1251 4129 τούτοις
1300 4065 1667 4135 ἀπήρεσκεν),
1703 4066 1731 4116 ό

173 4154 427 4221 περὶτῆς
454 4155 586 4224 πρὸς
620 4156 821 4224 ἄλληλα
847 4158 1048 4220 τάξεως
1105 4156 1241 4225 μετά
1288 4157 1385 4224 τῆς
1441 4154 1732 4222 συναφείας

172 4238 560 4291 καταλείπεται
611 4241 795 4307 λόγος·
836 4243 993 4310 μόνος
1055 4243 1145 4293 ἐπὶ
1182 4242 1314 4293 Θεοῦ
1349 4241 1489 4294 κατὰ
1518 4244 1584 4293 τὰ
1615 4242 1731 4291 θεῖα

172 4330 447 4397 πρόσωπα
496 4329 863 4397 λαμϐάνεσθαι
936 4333 1244 4401 προσήκων.
1286 4334 1381 4394 ’ος
1435 4333 1589 4400 μόνος
1625 4333 1730 4385 τῶν

172 4422 356 4473 ἄλλων
385 4422 483 4476 ὅσα
514 4421 733 4475 ἕπονται
786 4426 1267 4494 παραλειπομένων
1323 4427 1414 4478 ἐπὶ
1447 4425 1580 4477 Θεοῦ
1618 4428 1731 4488 τοῖς

172 4509 356 4575 ἁγίοις
384 4511 569 4577 ἀρκεῖ·
613 4510 753 4563 ὥστε
786 4515 879 4565 καὶ
912 4512 1006 4581 τὴν
1035 4514 1275 4583 πρόοδον,
1315 4516 1406 4566 καὶ
1438 4517 1533 4583 τὴν
1557 4516 1727 4580 τάξιν,

1829 3436 1970 3480 stum
1998 3435 2099 3491 est,
2123 3428 2339 3480 tertium
2366 3427 2562 3481 habere
2588 3429 2962 3481 cxsistentiam
2994 3443 3059 3482 ex
3093 3431 3267 3497 primo
3295 3445 3395 3497 per

1829 3518 2063 3571 medium
2082 3518 2373 3571 secundum
2394 3534 2551 3571 unam
2569 3520 2990 3587 processionetrz,
3006 3532 3033 3573 δ
3051 3528 3211 3573 -rvata
3228 3519 3390 3573 simul

1829 3610 2059 3663 naturali
2089 3611 2487 3676 conjunctione,
2516 3620 2679 3679 atque
2706 3612 2909 3664 unitate
2941 3612 3007 3663 ad
3040 3611 3297 3664 invicem.

1899 3701 1976 3753 Ex
2003 3701 2203 3769 quibus
2232 3702 2492 3765 exemplis
2518 3701 2774 3753 nimirum
2818 3700 3065 3765 materia,
3094 3710 3148 3753 et
3174 3702 3386 3755 dimen-

1831 3792 2100 3854 sionihus,
2137 3802 2191 3844 et
2236 3793 2301 3845 iis
2334 3807 2455 3859 qua:
2501 3806 2619 3845 eam
2660 3802 3086 3859 consequuntur,
3121 3790 3388 3848 detractis

1836 3882 1969 3949 (ha‘c
2026 3882 2169 3934 enim
2210 3883 2261 3934 in
2318 3881 2423 3934 Deo
2469 3881 2641 3935 locum
2700 3897 2807 3933 non
2864 3882 3087 3943 habent,
3138 3882 3208 3935 ob
3266 3899 3413 3951 quae-

1831 3973 1990 4024 etiam
2019 3986 2158 4038 sa'pe
2207 3971 2319 4024 hac
2344 3972 2587 4039 exempla
2634 3972 2955 4037 doctoribus
2986 3973 3161 4041 quoad
3186 3976 3386 4047 .omnla

1830 4062 2241 4130 displicebant),
2286 4073 2453 4115 restat
2486 4064 2620 4115 ratio
2648 4064 2873 4135 ordiqis,
2902 4064 2995 4144 qui
3027 4064 3165 4149 inter
3196 4078 3384 4132 perm-

1830 4165 1927 4203 nas
1956 4150 2019 4202 ad
2067 4150 2295 4202 invicem
2348 4160 2429 4202 est
2466 4165 2570 4201 una
2629 4165 2749 4203 cum
2800 4145 3226 4219 conjunctione:
3262 4166 3384 4218 qua:

1832 4241 1968 4292 ratio
1999 4240 2110 4292 sola
2140 4240 2469 4293 conveniens
2494 4248 2597 4301 est,
2634 4248 2697 4291 ut
2739 4240 2789 4291 in
2830 4240 2938 4292 Deo
2968 4242 3261 4295 secundum
3294 4242 3382 4293 di-

1827 4332 1981 4384 vinas
2010 4346 2267 4398 personas
2296 4332 2612 4399 accipiatur.
2649 4331 2777 4396 Qua:
2802 4332 2914 4385 sola
2944 4332 2995 4384 in
3036 4332 3145 4384 Deo
3180 4332 3381 4386 relictis

1827 4422 1947 4474 aliis
1974 4436 2093 4488 quae
2122 4431 2444 4485 sequuntur,
2479 4422 2680 4475 sanctis
2711 4420 3032 4475 doctoribus
3073 4422 3279 4489 placet-;
3322 4432 3382 4473 ut
3456 4444 3459 4447 η

1826 4522 1881 4566 et
1906 4525 2242 4579 processum,
2259 4520 2312 4564 et
2334 4511 2598 4574 ordinem,
2616 4527 2677 4564 ac
2696 4520 2900 4564 natura:
2920 4512 3377 4579 conjunctionem,

170 4602 268 4652 καί
311 4602 366 4651 τὸ
394 4603 487 4669 τῆς
515 4601 723 4669 φύσεως
748 4603 962 4667 οίκείον,
994 4606 1115 4656 ὅσον
1147 4604 1253 4657 άπὸ
1285 4606 1391 4659 τῶν
1416 4605 1538 4659 ita?
1581 4608 1728 4674 ἡμᾶς

1837 4611 2088 4670 quantum
2137 4602 2252 4653 Iieri
2301 4612 2473 4670 potest
2514 4602 2580 4654 ab
2611 4603 2887 4667 exemplis,
2948 4602 3150 4653 nostris
3202 4601 3380 4667 c-Xpris

174 4690 448 4757 ἐνδέχεται
474 4696 759 4762 παριστᾷν,
792 4695 851 4746 Εί
904 4696 1010 4765 γὰρ
1070 4697 1206 4765 μηδὲ
1257 4700 1395 4750 κατὰ
1454 4700 1549 4764 τὴν
1581 4698 1730 4762 τάξιν

171 4777 350 4829 ταῦτα
376 4778 652 4847 ληψόμεθα
682 4782 776 4851 τὴν
816 4785 1033 4853 πρόοδον
1059 4788 1306 4854 καθπρῶς
1345 4788 1729 4855 ὲμφαῖνουσαν,

172 4870 316 4937 μηδὲ
390 4869 485 4937 τῆς
548 4873 679 4940 πρὸς
732 4875 931 4943 ἄλληλα
994 4878 1223 4945 σχέσεως
1272 4862 1567 4931 ἔνδεικτικὰ
1624 4882 1730 4930 τῶν

172 4960 337 5013 θείων
390 4962 691 5030 προσώπων
745 4966 1007 5033 φήσομεν,
1045 4967 1141 5016 οὐκ
1198 4964 1314 5019 οίδα
1362 4969 1411 5020 τί
1448 4969 1564 5021 ποθ’
1600 4972 1728 5039 ἡμῖν

170 5052 362 5121 ἕτερον
391 5053 544 5105 ταυτὶ
566 5055 629 5106 τά
654 5055 1016 5123 ὑποδείγματα
1040 5058 1300 5125 βόλεται.

752 5168 976 5219 ΚΕΦΑᾹ
1000 5208 1011 5220 .
1044 5168 1139 5221 IB'.

176 5252 378 5333 Ὀξίοί
406 5251 775 5333 ἄπιο-ι-ἐκχὴς
804 5260 1167 5333 οὐσίας-Ατοῦ
1200 5262 1425 5328 Πατρός
1471 5263 1566 5333 καί
1622 5265 1725 5321 τοῦ

248 5323 383 5393 1:100
423 5323 484 5374 τὸ
518 5324 752 5389 Πνεῦμα
781 5328 1145 5393 θεολογοῦσι,
1199 5333 1293 5381 καὶ
1316 5323 1411 5382 Et
1436 5331 1540 5382 τοῦ
1593 5334 1724 5387 Υιοῦ

240 5385 417 5468 εἶναι,
441 5394 546 5468 οιαὶ
574 5385 879 5461 ὑπάρχειν,
927 5385 1020 5449 καὶ
1072 5385 1356 5468 προὶέναι,
1382 5401 1477 5453 καὶ
1540 5385 1717 5455 ἐκπολ

234 5461 543 5523 ρεύεσθαι.
1110 5461 1125 5465 ⁷
1256 5506 1259 5507 ,

240 5570 447 5639 Καιρὸς
475 5572 531 5624 δὲ
561 5573 662 5642 ἥδη
692 5575 784 5628 καὶ¹
831 5577 888 5627 τι
927 5578 988 5629 ὲκ
1044 5580 1143 5647 τῆς
1201 5582 1381 5645 οὐσίας
1430 5581 1563 5637 εἶναι
1624 5587 1716 5639 τοῦ

175 5662 387 5729 [ἰατρὸς
412 5662 503 5715 καὶ
535 5663 627 5717 τοῦ
665 5665 789 5719 Υίοῦ
822 5666 1129 5739 τδγΠνεῦμα
1181 5674 1239 5726 τὸ
1290 5676 1457 5741 ἅγιον,
1488 5680 1621 5750 ὅπερ
1645 5683 1716 5743 ὡς

1829 4699 2007 4755 mant;
2039 4691 2082 4744 si
2118 4691 2260 4744 enim
2301 4694 2410 4745 lucc
2457 4692 2698 4759 exempla
2751 4706 2928 4760 neque
2967 4692 3032 4744 ad
3069 4692 3379 4760 exprimen-

1829 4781 1953 4833 dum
1976 4779 2244 4842 ordinem,
2262 4767 2359 4847 'qui
2386 4793 2695 4847 processura
2719 4780 2863 4833 clare
2886 4779 3106 4841 indicat,
3133 4792 3376 4845 sumpse-

1829 4873 2018 4924 rimus.
2055 4870 2237 4937 Neque
2273 4871 2519 4923 dicemus
2544 4885 2684 4932 esse,
2714 4886 2829 4937 quae
2856 4869 3159 4921 divinarum
3194 4883 3377 4935 perso—

1826 4977 2015 5013 narum
2049 4962 2187 5015 inter
2213 4977 2269 5015 se
2298 4962 2615 5015 relationem
2651 4962 2987 5028 signiﬁcent,
3017 4962 3203 5015 nescio
3240 4960 3374 5027 quid

1831 5050 2045 5104 tandem
2076 5050 2218 5103 aliud
2247 5050 2346 5103 ista
2377 5051 2619 5118 exempla
2666 5052 2817 5105 nobis
2852 5052 3155 5120 exprimere
3183 5053 3371 5105 velint.

2410 5165 2631 5219 CAPUT
2663 5165 2779 5218 XII.

1824 5277 1969 5342 Quod
2002 5280 2168 5331 sancti
2214 5294 2276 5331 ex
2325 5280 2611 5331 substantia
2643 5278 2817 5331 Patris
2860 5289 2905 5331 et
2951 5278 3075 5331 Filii
3115 5278 3368 5345 Spiritum

1891 5358 2127 5399 sanctum
2154 5364 2257 5400 esse
2299 5348 2573 5415 theoloyice
2608 5349 2885 5407 disserunt,
2914 5358 2959 5399 et
2990 5364 3050 5398 ea:
3082 5347 3368 5415 Filio‘esse,

1895 5366 2127 5399 sancmm
2154 5366 2257 5400 ϐεδε
2299 5366 2463 5400 τηεοιο
2503 5366 2573 5398 tce
2608 5366 2885 5407 αιδδριίιηι,
2914 5366 2959 5399 ει
2990 5366 3050 5398 επ
3082 5366 3113 5399 ι’

1895 5428 2050 5483 atque
2069 5418 2330 5480 exsistere,
2358 5366 2709 5484 pro/gemmae
2743 5428 2788 5467 et
2828 5420 3118 5477 procedere.

1892 5594 2009 5647 Jam
2046 5608 2173 5647 vero
2223 5602 2433 5661 tempus
2486 5602 2588 5657 est,
2640 5610 2705 5647 ex
2770 5595 3079 5649 doctoribus
3138 5596 3366 5663 probare

1825 5683 2085 5751 Spiritum
2138 5694 2378 5737 sanctum
2415 5702 2480 5739 ex
2509 5685 2804 5739 substantia
2834 5703 2953 5742 esse
2987 5688 3161 5749 Patris
3190 5700 3243 5743 et
3281 5691 3369 5743 Fi-
