4126 6322
712 313 820 375 935

1968 305 2118 365 DEM
2133 304 2337 364 ETRH
2374 305 2677 366 CYDJNH
3825 312 3927 375 936

714 428 773 481 lii
809 428 972 497 (quod
1011 434 1265 495 tanquam
1305 424 1616 479 confessum
1648 431 1926 490 acceptum
1964 422 2070 487 est)
2108 430 2162 472 et
2201 435 2263 483 ex

2369 421 2796 491 ὁμολογούμενον
2851 423 3118 493 εἴληπται,
3158 428 3251 481 καὶ
3313 428 3371 492 ἐξ
3406 429 3569 483 αὐτοῦ
3624 427 3783 495 εῖναι,
3834 430 3927 487 καὶ

714 518 833 582 ipso
866 518 1049 582 (Filio)
1093 532 1233 579 esse,
1279 525 1441 583 atque
1491 514 1776 576 exsistere,
1803 510 2177 581 proficiscique
2207 519 2264 561 et

713 605 1026 672 procedere.
1059 614 1178 674 post
1215 606 1325 659 haec
1370 605 1783 659 convenientem
1837 603 1995 656 linem
2050 602 2265 655 habebit

713 705 895 747 nostra
933 697 1130 748 oratio.
1154 694 1432 763 Principio
1458 695 1619 763 igitur
1651 694 1806 746 divus
1839 692 2069 763 Cyrillus
2092 693 2146 746 in
2177 710 2265 747 se-

713 785 892 838 cundo
924 785 1067 838 libro
1095 784 1501 865 Thesaurqrum,
1542 784 1593 835 iu
1625 798 1735 837 uno
1781 798 1847 837 ex
1885 783 2153 851 capitibus
2184 785 2265 837 sic

714 875 1122 942 inscriptionem
1157 874 1285 928 facit
1322 891 1336 927 ι
1379 893 1397 925 ι
1453 872 1602 937 Quod
1642 887 1705 927 es:
1749 874 2041 927 substantia
2089 874 2264 929 Patris

712 982 776 1017 ac
805 965 927 1017 Filii
958 964 1185 1034 Spiritus
1212 973 1448 1018 sanctus.
1471 964 1621 1030 Quod
1652 965 1696 1017 si
1742 963 1979 1032 idipsum
2025 964 2265 1033 proposi-

714 1065 825 1108 tum
858 1065 944 1109 est
973 1054 1101 1123 ipsi,
1144 1056 1490 1110 manifestum
1524 1065 1626 1118 est,
1674 1055 1817 1124 quod
1867 1054 2058 1109 thesim
2110 1056 2263 1109 valde

709 1146 1002 1199 admittens
1035 1146 1150 1199 vult
1193 1161 1311 1199 eam
1343 1145 1688 1199 concludere.
1721 1146 1892 1212 Atque
1934 1145 1987 1198 in
2019 1146 2136 1213 ipso
2174 1160 2265 1197 ca-

712 1235 904 1301 pitulo.
939 1236 1082 1302 quod
1134 1235 1207 1287 ita
1260 1235 1595 1297 inscribitur,
1628 1234 1748 1286 ait:
1794 1251 1811 1283 ι
1852 1233 2115 1298 Quoniam
2162 1234 2263 1302 igi-

712 1338 801 1380 tur
828 1325 1062 1395 Spi'ritus
1088 1335 1307 1380 sanctus
1341 1341 1463 1379 eum
1502 1326 1554 1379 in
1603 1325 1760 1378 nobis
1805 1325 1985 1387 fuerit,
2043 1324 2261 1377 confor-

712 1429 825 1468 mcs
856 1430 956 1468 uos
989 1414 1097 1467 Deo
1129 1413 1287 1479 facit;
1321 1412 1685 1483 proficiscitur
1714 1425 1891 1466 autem
1922 1427 1987 1466 ex
2015 1412 2174 1467 Patre
2200 1428 2263 1467 ac

708 1504 866 1566 Filio.
897 1508 1101 1558 clarum
1135 1516 1240 1565 est,
1268 1505 1410 1571 quod
1444 1504 1636 1557 divina:
1684 1504 1755 1557 sit
1798 1503 2130 1565 substantize,
2179 1518 2265 1557 es-

709 1595 1013 1648 sentialiter
1060 1595 1113 1647 in
1156 1595 1294 1663 ipsa.
1322 1602 1375 1647 et
1400 1609 1463 1647 ex
1499 1594 1612 1662 ipsa
1645 1594 1920 1661 prodiens.
1969 1612 1989 1644 ο
2052 1594 2263 1648 Rursus

710 1682 763 1734 in
798 1682 987 1735 eodem
1016 1697 1136 1750 cap.
1172 1699 1186 1736 :
1225 1700 1242 1732 ι
1284 1682 1543 1748 Proprius
1560 1691 1643 1735 est
1678 1694 1856 1735 autem
1896 1682 2133 1749 Spiritus
2169 1683 2257 1737 Fi-

2367 511 2651 579 ὑπάρχειν,
2676 516 2768 566 καὶ
2821 515 3089 580 προϊέναι,
3141 519 3233 571 καὶ
3282 518 3674 589 ἐκπορεύεσθαι
3707 524 3771 575 ὲκ
3818 523 3925 576 τῶν

2364 601 2691 655 διδασκάλων
2724 606 3089 673 παραστῆσαι,
3133 607 3226 660 καὶ
3281 611 3420 676 μετὰ
3470 611 3622 664 ταῦθ’
3664 613 3794 682 ἡμῖν
3812 614 3925 678 ἔξει

2364 690 2515 752 τέλος
2540 691 2600 742 τὸ
2630 694 2901 762 προσῆκον
2932 697 2962 748 6
3014 696 3191 763 λόγος.
3243 700 3448 753 Αὐτίκα
3499 702 3680 754 τοίνυν
3704 706 3733 755 ὁ
3784 704 3925 768 θεῖος

2365 777 2630 847 Κύριλλος
2670 782 2729 832 ιν
2794 782 2871 851 τῷ
2917 782 2962 852 β’
3010 782 3120 836 τῶν
3180 787 3510 855 Θησαυρῶν
3554 788 3640 858 itp'
3686 790 3769 844 ἑνὶ
3817 792 3926 846 τῶν

2364 868 2673 936 κεφαλαίων
2699 870 2842 925 οὕτω
2884 873 2982 941 τὴν
3039 876 3345 945 ἐπιγραφὴν
3396 880 3662 934 ποιεῖται·
3699 880 3827 935 Ὅτι
3855 882 3927 936 ἐκ

2364 956 2472 1025 τῆς
2501 958 2719 1023 οὐσίας
2753 961 2861 1015 τοῦ
2892 965 3120 1031 Πατρός
3147 965 3243 1017 καὶ
3268 966 3373 1019 τοῦ
3412 968 3548 1021 Υίοῦ
3570 968 3639 1022 τὸ
3686 971 3927 1040 Πνεῦμα

2366 1050 2431 1102 τὸ
2464 1050 2652 1115 ἅγιον.
2686 1055 2745 1105 Ei
2769 1054 2823 1106 δὲ
2854 1055 2984 1108 αὐτὸ
3003 1056 3159 1110 τοῦτο
3198 1060 3481 1127 πρόκειται
3530 1062 3698 1131 αὐτῷ,
3743 1064 3923 1132 δῆλον,

2364 1142 2443 1195 ὅτι
2469 1143 2567 1210 τὴν
2606 1144 2755 1199 θέσιν
2781 1146 2875 1198 καὶ
2927 1149 3066 1201 πάνυ
3086 1151 3389 1219 δεχόμενος,
3429 1153 3675 1221 βούλεται
3718 1172 3930 1224 συμπι-

2368 1233 2570 1298 ραίνειν
2594 1248 2608 1263 ·
2644 1235 2733 1284 καὶ
2761 1236 2819 1286 ιν
2852 1238 2998 1306 αὐτῷ
3022 1240 3117 1292 καὶ
3162 1241 3238 1309 τῷ
3272 1241 3441 1305 οὕτως
3499 1245 3927 1315 ἐπιγραφομένῳ

2365 1322 2644 1390 κεφαλαίῳ
2678 1327 2842 1393 φησίν
2865 1344 2880 1361 ο
2914 1347 2933 1380 ι
2964 1329 3113 1382 Ἐπεὶ
3142 1332 3317 1384 τοίνυν
3341 1334 3400 1385 τὸ
3429 1334 3649 1400 Πνεῦμα
3686 1335 3746 1386 τὸ
3772 1336 3929 1402 ἆγιειν

2365 1409 2422 1461 ὲν
2456 1411 2585 1477 ἡμῖν
2638 1416 2929 1491 γινόμενον
2986 1421 3345 1490 συμμόρφους
3378 1423 3526 1489 ἡμᾶς
3583 1424 3930 1478 ἀποδεικνύει

2364 1496 2523 1561 Θεοῦ,
2555 1499 2770 1568 πρόεισι
2790 1504 2845 1555 δὲ
2869 1494 2931 1556 iii
2962 1507 3174 1577 Πατρὸς
3222 1511 3315 1562 καὶ
3370 1511 3519 1572 Υἱοῦ,
3552 1512 3816 1582 πρόδηλον
3844 1516 3929 1569 ὅτι

2364 1588 2459 1655 τῆς
2482 1588 2629 1653 θείας
2650 1594 2795 1644 ἐστὶν
2816 1595 3022 1658 οὐσίας,
3039 1599 3135 1652 οὑσ
3158 1600 3305 1662 ωὸῶς
3328 1601 3385 1653 ιν
3405 1601 3539 1670 αὐτῇ
3570 1606 3663 1655 καὶ
3681 1604 3740 1667 ἐξ
3759 1606 3930 1673 αὐτῆς

2364 1680 2568 1744 προϊὸν.
2601 1697 2618 1730 ι
2643 1680 2807 1733 Πάλιν
2834 1686 2891 1736 ἐν
2910 1686 3058 1755 αὐτῷ
3078 1701 3094 1719 ο
3126 1704 3145 1738 ι
3174 1688 3333 1742 Ἵδιον
3352 1691 3407 1741 δὲ
3429 1691 3646 1754 πάντως
3669 1694 3730 1744 τὸ
3764 1694 3934 1747 Πνεῦ-

708 1770 792 1831 lii,
827 1779 990 1837 atque
1035 1784 1142 1825 non
1198 1771 1266 1824 ab
1320 1780 1470 1823 extra
1539 1771 1737 1824 illatus.
1780 1788 1801 1822 ι
1839 1772 2157 1839 Rursusque
2208 1773 2261 1825 in

2367 1784 2442 1835 μα
2469 1769 2560 1822 τοῦ
2594 1771 2742 1835 Υίοῦ,
2774 1774 2867 1827 καὶ
2893 1777 2993 1829 οῦκ
3028 1754 3224 1841 ἔξωθεν
3277 1782 3533 1835 ἐπακτόν.
3571 1801 3591 1835 ι
3619 1786 3729 1837 Καὶ
3764 1786 3933 1839 πάλιν

708 1861 815 1913 alio
865 1876 985 1929 cap.
1026 1879 1039 1913 :
1077 1880 1094 1912 ι
1129 1862 1358 1916 Necesse
1388 1870 1471 1914 est
1494 1861 1645 1914 fateri
1682 1859 1941 1929 Spiritum
1976 1864 2148 1930 ipsum
2196 1876 2261 1915 ex

708 1953 1007 2005 substantia
1041 1952 1159 2006 Filii
1183 1968 1245 2006 ac
1278 1953 1368 2006 Dei
1393 1954 1673 2017 exsistere,
1694 1966 1814 2005 cum
1849 1966 2061 2005 omnem
2094 1952 2261 2021 ipsius

707 2056 829 2094 cum
854 2025 1168 2110 potentiam,
1187 2054 1296 2095 tttm
1319 2042 1681 2110 operationem
1708 2041 1918 2095 habent.
1941 2061 1958 2091 ι
1984 2041 2190 2095 Rursus
2208 2042 2259 2095 iu

707 2134 848 2185 alio:
890 2151 908 2182 ι
949 2132 1115 2199 Igitur
1140 2148 1207 2185 ex
1237 2133 1533 2185 substantia
1557 2131 1673 2184 Filii
1708 2130 1941 2198 Spiritus
1970 2144 2205 2186 sanctus.
2234 2151 2254 2184 ι

777 2222 1040 2276 Praeterea
1074 2222 1214 2275 idem
1256 2224 1311 2276 in
1340 2222 1678 2290 expositione
1720 2224 1770 2275 in
1807 2218 2147 2290 Evangelium
2174 2240 2262 2277 se-

706 2312 944 2366 cundum
976 2312 1237 2367 Jozonnern
1275 2314 1329 2365 in
1364 2312 1494 2367 illud
1525 2297 1727 2365 dictum
1763 2330 1775 2365 :
1816 2329 1837 2361 ς
1876 2312 1943 2365 Et
1983 2313 2117 2366 Deus
2147 2323 2262 2367 erat

713 2402 967 2457 Verbum:
999 2424 1017 2454 ι
1053 2403 1167 2458 Non
1196 2419 1323 2472 ergo
1352 2403 1529 2459 minor
1556 2414 1662 2469 est,
1711 2404 1802 2472 qui
1839 2404 2083 2459 eamdem
2133 2421 2261 2473 ope-

708 2496 974 2550 rationem
1000 2505 1124 2551 trum
1160 2498 1317 2552 Patre
1346 2496 1587 2566 perfecto
1612 2498 1795 2562 habet,
1826 2498 2012 2553 vivens
2044 2507 2099 2553 et
2130 2501 2260 2554 sub-

708 2586 929 2647 sistens,
969 2587 1424 2654 quemadmodum
1466 2578 1678 2642 sane‘et
1702 2588 1815 2656 ipse
1844 2588 2020 2643 Pater.
2050 2590 2259 2644 Rursus

709 2677 852 2731 idem
878 2678 932 2729 in
962 2677 1150 2730 eadem
1181 2677 1516 2745 expositione
1554 2679 1607 2730 iu
1652 2678 1782 2732 illud
1821 2696 1836 2732 :
1868 2677 1933 2731 Et
1956 2696 2049 2749 ego
2071 2682 2259 2749 rogabo

712 2764 950 2828 Patrem,
998 2777 1048 2818 et
1093 2766 1254 2819 alium
1294 2766 1626 2821 Paracletum
1660 2770 1809 2821 dabit
1841 2770 1978 2824 vobis
2014 2786 2031 2822 :
2069 2789 2087 2821 ι
2121 2750 2256 2824 Cum

708 2856 853 2909 enim
890 2858 982 2910 Dei
1015 2867 1070 2911 et
1102 2857 1279 2911 Patris
1313 2860 1638 2913 naturalium
1686 2860 1949 2914 bonorum
1995 2862 2257 2916 essentia-

708 2946 835 3000 liter
865 2945 1035 3001 Filius
1064 2948 1133 3000 sit
1157 2948 1447 3016 particeps,
1501 2948 1659 3002 habet
1709 2950 1969 3014 Spiritum
2018 2951 2085 3003 ad
2133 2940 2259 3004 eum

2364 1861 2421 1912 ἑν
2445 1861 2588 1930 ἄλλῳ
2616 1883 2634 1914 ι
2657 1862 2895 1934 Ἀνάγκη
2920 1867 2980 1919 τὸ
2996 1868 3217 1927 Πνεῦμα
3239 1872 3304 1924 ἐκ
3333 1870 3430 1939 τῆς
3452 1873 3638 1936 οὐσίας
3662 1876 3932 1945 ὑπάρχειν

2363 1950 2644 2018 ὁμολογεῖν
2666 1954 2796 2006 αὐτὸ
2830 1956 2930 2024 τῆς
2964 1957 3058 2009 τοῦ
3087 1958 3215 2010 Υίοῦ
3245 1961 3339 2012 καὶ
3357 1960 3515 2026 Θεοῦ,
3549 1965 3728 2015 πᾶσαν
3762 1967 3931 2018 αὐτοῦ

2361 2041 2462 2107 τήν
2506 2058 2564 2094 τε
2608 2042 2835 2112 δύναμιν
2873 2047 2967 2099 καὶ
2996 2048 3271 2116 ἐνέργειαν
3298 2048 3440 2119 ἕχον.
3471 2068 3488 2101 ι
3526 2053 3636 2105 Καὶ
3668 2052 3829 2105 πάλιν
3870 2056 3933 2106 ἐν

2362 2129 2528 2199 ἄλλῳ,
2553 2150 2571 2183 ι
2600 2132 2804 2185 Οὐκοῦν
2837 2137 2901 2188 ὲκ
2924 2138 3022 2206 τῆς
3048 2137 3234 2201 οὐσίας
3263 2140 3355 2191 τοῦ
3379 2138 3509 2191 Υίοῦ
3541 2143 3601 2193 τὸ
3631 2144 3876 2205 Πνεῦμα.
3903 2163 3925 2195 ι

2435 2220 2554 2274 Ἔτι
2605 2223 2633 2273 ὁ
2689 2223 2849 2292 αὐτὸς
2900 2227 2957 2277 ἐν
3008 2229 3074 2295 τῇ
3134 2228 3396 2298 ἑρμηνείᾳ
3422 2228 3516 2281 τοῦ
3568 2230 3713 2283 κατά
3746 2230 3935 2285 Ἰωάνα

2361 2324 2477 2376 νην,
2501 2310 2580 2372 είς
2609 2311 2670 2363 τὸ
2692 2313 2852 2382 ῥητὸν
2903 2314 2986 2380 τὸ,
3021 2316 3128 2371 Καὶ
3166 2317 3309 2383 Θεὸς
3352 2314 3430 2385 ἦν
3451 2321 3485 2371 d
3514 2320 3722 2387 Λόγος,
3767 2338 3787 2371 ι
3814 2321 3935 2375 Οὐκ

2359 2399 2468 2467 ἄρα
2523 2401 2761 2455 ἐλάττων
2814 2404 2965 2457 ἐστὶν
3012 2407 3041 2458 ὁ
3091 2406 3188 2474 τὴν
3228 2407 3395 2476 αὐτὴν
3450 2408 3732 2479 ἐνέργειαν
3788 2410 3955 2480 ἔχων,

2369 2491 2450 2558 τῷ
2480 2492 2669 2561 τελείῳ
2705 2494 2896 2564 Πατρὶ,
2950 2495 3047 2548 καὶ
3096 2496 3157 2547 τὸ
3202 2495 3293 2548 τοῦ
3323 2498 3674 2567 γεννήσαντος
3704 2502 3939 2570 Πνεῦμα

2359 2584 2571 2651 φύσεως
2604 2585 2737 2647 ίδίας
2768 2584 2905 2653 ἔχων
2927 2586 3151 2651 ἀγαθὸν,
3192 2586 3300 2651 ζῶν
3326 2604 3383 2641 τε
3414 2591 3509 2643 καὶ
3532 2594 3933 2659 ,νυπὸστατοη

2359 2674 2546 2742 ὥσπερ
2592 2672 2686 2725 οῦν
2736 2674 2927 2739 ἀμέλει
2956 2676 3049 2728 καὶ
3099 2678 3127 2727 ὁ
3177 2676 3384 2746 Πατήρ.
3426 2694 3445 2728 ι
3484 2678 3650 2733 Πάλιν
3692 2683 3721 2733 ό
3764 2682 3935 2742 αὐτὸς

2360 2763 2418 2814 ὲν
2452 2767 2537 2832 τῇ
2596 2765 2855 2833 ἑρμηνεία
2888 2766 2968 2827 εἰς
3025 2767 3106 2830 τὺ,
3135 2765 3303 2834 Κάγὼ
3338 2755 3763 2835 ἐρωτήσωίτὸν
3812 2777 3935 2826 Πα-

2360 2852 2519 2922 τέρα,
2550 2856 2650 2907 καί
2684 2854 2877 2908 ἄλλον
2906 2855 3299 2924 Παράκλητον
3330 2857 3511 2911 δώσει
3545 2859 3689 2929 ὑμῖν
3708 2878 3721 2893 ·
3761 2880 3781 2913 ι
3806 2862 3935 2917 Τῶν

2359 2945 2468 3013 γὲρ
2521 2942 2616 2995 τοῦ
2666 2943 2802 2997 Θεοῦ
2850 2948 2943 2998 καὶ
2992 2947 3201 3016 Πατρὸς
3251 2949 3495 3016 φυσικῶν
3560 2948 3780 3017 ἀγαθῶν
3839 2953 3937 3005 οὑ-

710 3039 956 3103 modum,
984 3039 1284 3093 secundum
1330 3052 1489 3106 quem
1535 3037 1758 3107 intelligi
1789 3048 1966 3107 potest
1990 3050 2045 3094 et
2078 3040 2258 3104 Pater,

2367 3032 2571 3095 σιωδῶς
2610 3034 2864 3104 ὑπάρχων
2890 3037 2919 3089 ὁ
2971 3035 3100 3099 Υίὸς
3142 3037 3417 3103 κοινωνὸς,
3476 3038 3588 3109 ἔχει
3616 3039 3678 3092 τδ
3705 3041 3935 3110 Πνεῦμα

714 3149 822 3187 non
853 3132 1158 3194 inductum.
1194 3145 1367 3201 neque
1399 3132 1467 3183 ab
1493 3138 1675 3194 extra;
1702 3130 1909 3184 fatuum
1932 3130 2132 3201 quippe
2150 3141 2269 3207 est,

2324 3122 2502 3183 ,κατὰ
2560 3123 2748 3176 τοῦτον
2795 3126 2885 3177 τὸν
2922 3128 3164 3195 τρόπον,
3232 3129 3353 3181 καθ’
3426 3129 3590 3199 ὅνπερ
3638 3130 3706 3185 ἂν
3755 3134 3935 3186 νοοῖτο

710 3224 843 3291 quin
875 3223 1061 3290 potius
1096 3222 1347 3276 insanum
1386 3222 1459 3274 ita
1488 3220 1713 3274 sentire.
1760 3218 2064 3276 Verum-ut
2110 3224 2262 3291 quis-

2362 3214 2502 3267 καὶὸ
2554 3215 2764 3286 Πατὴρ,
2829 3228 2928 3271 ουκ
2991 3220 3247 3285 ἐπακτὸν,
3306 3220 3413 3271 οὐδ’
3471 3221 3688 3284 ἔξωθεν,
3726 3221 3931 3291 εὔηθες

712 3326 821 3379 que
846 3320 1094 3365 nostrum
1128 3310 1404 3379 proprium
1432 3309 1489 3363 in
1524 3323 1585 3364 se
1627 3310 1870 3365 continet
1899 3312 2172 3379 spiritum,
2204 3321 2261 3368 et

2362 3306 2486 3374 γὰρ,
2542 3308 2743 3373 μᾶλλον
2797 3308 2855 3360 δὲ
2907 3310 3135 3378 μανικὸν
3201 3312 3261 3362 τὸ
3309 3311 3451 3364 οὕτω
3497 3314 3713 3382 φρονεῖν
3737 3329 3752 3344 ’
3809 3312 3931 3368 ἀλλ’

710 3411 835 3450 eum
856 3411 925 3451 ex
944 3396 1150 3451 intimis
1170 3394 1468 3451 visceribus
1490 3395 1636 3451 foras
1654 3394 1900 3462 effundit,
1925 3397 1995 3451 ob
2024 3398 2076 3451 id
2094 3398 2259 3454 etiam

712 3486 965 3542 Christus
1009 3486 1372 3563 corporaliter
1414 3490 1556 3542 eum‘
1586 3486 1905 3552 iusulﬂavit,
1946 3490 2262 3555 ostendens,

714 3577 859 3644 quod
890 3576 1348 3645 quemadmodum
1378 3592 1444 3630 ex
1471 3592 1565 3631 ore
1597 3577 1832 3631 humano
1876 3580 2121 3647 procedit
2156 3581 2263 3651 spi-

716 3667 859 3721 ritus
881 3668 1257 3736 eorporaliter,
1290 3668 1369 3721 sic
1396 3666 1560 3722 etiam
1598 3682 1664 3721 ex
1690 3666 2011 3733 substantia,
2056 3670 2146 3737 qui
2196 3685 2263 3724 ex

716 3759 835 3826 ipsa
868 3766 972 3818 est.
1008 3754 1309 3813 eﬂunditur
1354 3756 1614 3824 Spiritus,
1663 3757 1723 3809 ut
1751 3757 1918 3811 Deum
1953 3757 2127 3814 decet.
2160 3759 2264 3813 lte-

716 3862 839 3902 rum
883 3847 1025 3901 idem
1053 3847 1108 3900 in
1154 3846 1493 3917 Orationibus
1538 3844 1834 3914 secundum
1879 3848 2261 3915 interrogatio.

714 3954 842 3993 nem
889 3948 947 4007 et
980 3938 1387 4005 responsionem
1426 3936 1493 3990 ad
1523 3936 1818 3993 Palladium
1850 3952 2018 4007 prope
2060 3936 2264 4006 princi-

718 4028 868 4095 pium
898 3998 965 4081 ι’(
994 3998 1266 4081 mutabilis
1293 4036 1472 4078 autem
1514 3998 1867 4093 nequaquam.
1891 3998 2129 4094 spiritus
2156 4035 2260 4092 est,

716 4117 801 4171 vel
847 4116 891 4170 si
921 4116 1024 4170 hoc
1050 4114 1240 4169 tnorbo
1275 4115 1593 4170 mutationis
1631 4116 1869 4181 laborat,
1892 4116 1945 4171 in
1974 4119 2143 4187 ipsam
2180 4118 2263 4175 di-

715 4209 895 4261 vinam
928 4214 1175 4259 naturam
1197 4216 1442 4260 recurret
1475 4206 1847 4274 reprehensio.
1872 4207 2151 4278 Siquidem
2181 4218 2265 4265 est

718 4300 816 4353 Dei
842 4307 899 4353 et
924 4297 1122 4361 Patris,
1156 4297 1285 4363 quin
1312 4296 1474 4352 etiam
1509 4297 1649 4357 Filii,
1678 4297 1772 4366 qui
1802 4298 2163 4354 essentialiter
2194 4317 2265 4355 ex

2358 3394 2543 3465 ῶσπερ
2610 3402 2704 3450 καὶ
2779 3398 2935 3467 ἡμῶν
3005 3400 3231 3463 ἔκαστος
3295 3401 3355 3454 τὸ
3424 3403 3553 3455 ῐδιον
3622 3404 3679 3455 ὲν
3746 3404 3932 3474 ἑαυτῷ

2360 3488 2573 3556 πνεῦμα
2616 3490 2848 3557 συνέχει,
2884 3492 2972 3541 καὶ
3010 3491 3074 3542 ὲκ
3123 3491 3230 3544 τῶν
3278 3492 3569 3545 ὲνδοτάτων
3601 3493 3935 3564 σπλάγχνων

2362 3578 2444 3637 είς
2485 3577 2547 3628 τὸ
2594 3575 2698 3640 ἔξω
2735 3578 2952 3647 προχέει
2975 3592 2988 3606 ⁸
3015 3578 3101 3630 διά
3139 3596 3218 3631 τοι
3247 3580 3402 3631 τοῦτο
3443 3582 3536 3632 καὶ
3596 3584 3930 3650 σωματικῶς

2360 3664 2491 3717 αὐτὸ
2538 3666 2866 3736 ἐνεφύσησεν
2892 3670 2920 3720 ὁ
2964 3668 3213 3735 Χριστὸς,
3260 3668 3470 3729 δεικνὺς
3497 3671 3580 3722 ὅτι
3629 3671 3929 3742 καθώσπερ

2360 3757 2424 3807 ὲκ
2456 3754 2549 3808 τοῦ
2582 3757 2843 3827 στόματος
2873 3757 2967 3811 τοῦ
2988 3757 3322 3829 ἀνθρωπίνου
3367 3760 3580 3828 πρόεισι
3611 3763 3682 3815 το
3704 3763 3931 3833 πνεῦμα

2362 3835 2708 3913 σωματικῶς,
2764 3844 2906 3898 οὕτω
2962 3846 3055 3898 καὶ
3106 3848 3169 3899 ix
3218 3846 3315 3914 τῆς
3371 3847 3555 3911 οὐσίας
3605 3841 3928 3919 θεοπρεπῶς

2335 3936 2640 4002 ,προχεῖται
2661 3934 2721 3986 τὸ
2745 3934 2805 3997 ἐξ
2826 3931 3018 4003 adﬁge.
3044 3934 3241 3987 »Πάλιν
3265 3937 3294 3986 ὀ
3321 3928 3480 3999 αὐτὸς
3531 3939 3588 3989 ὲν
3645 3942 3755 4000 τοῖς
3788 3939 3927 4007 πρὸς

2363 4020 2653 4074 Παλλάδιον
2682 4021 2823 4073 κατὰ
2855 4020 3044 4072 πεῦσιν
3074 4022 3163 4073 καὶ
3182 4023 3468 4091 ἀπόκρισιν
3485 4024 3660 4091 λόγοις
3692 4027 3946 4093 ἔγγιστα

2360 4110 2457 4179 τῆς
2485 4110 2658 4179 ἀρχῆς
2678 4125 2693 4139 ³
2720 4126 2739 4163 t
2764 4106 3006 4178 Τρεπτδν
3030 4110 3086 4163 δὲ
3109 4111 3250 4165 οὗτοι
3284 4129 3382 4164 που
3407 4112 3468 4164 τὸ
3491 4114 3710 4183 Πνεῦμά
3739 4118 3920 4168 ἐστιν·

2362 4199 2578 4270 ἢεῖπερ
2630 4202 2691 4255 τὸ
2740 4200 3030 4269 τρέπεσθαι
3071 4206 3234 4264 νοσεῖ,
3286 4202 3372 4255 ἐπ’
3428 4204 3596 4275 αὐτὴν
3646 4209 3674 4258 ὁ
3732 4209 3923 4277 μῶμος

2365 4290 2463 4359 τὴν
2492 4289 2638 4341 θείαν
2669 4290 3054 4360 ἀναδραμεῖται
3078 4292 3261 4361 φύσιν,
3302 4294 3459 4366 εἴπερ
3503 4297 3616 4348 ἐστὶ
3650 4297 3745 4349 τοῦ
3785 4298 3920 4350 θεοῦ

715 4388 1003 4453 ambobus,
1032 4387 1086 4441 id
1115 4399 1220 4448 est,
1262 4401 1326 4440 ex
1373 4386 1529 4440 Patre
1576 4401 1671 4453 per
1724 4383 1920 4440 Filium
1966 4386 2263 4444 eﬂ‘unditur

2366 4381 2458 4433 καὶ
2496 4380 2723 4450 Πατρὸς,
2749 4382 2841 4433 καὶ
2872 4381 2977 4452 μὴν
3002 4384 3093 4435 καὶ
3120 4383 3212 4437 τοῦ
3270 4384 3401 4438 Υίοῦ
3427 4386 3487 4438 τὸ
3540 4387 3811 4449 οὑσιωδῶς
3863 4388 3922 4452 ἑξ

714 4478 976 4548 Spiritus.
1023 4476 1225 4530 lterum
1276 4474 1415 4529 idem
1445 4474 1497 4527 in
1535 4474 1759 4542 epistola
1791 4474 1943 4528 tertia
1975 4474 2043 4529 ad
2071 4475 2265 4530 Nesto-

723 4571 884 4636 rium,
914 4570 1067 4639 cujus
1096 4567 1334 4631 initium,
1363 4563 1638 4619 Saluatore
1658 4572 1831 4617 nostro
1862 4566 2082 4630 dicente,
2110 4584 2128 4617 ι
2164 4564 2265 4632 Qui

720 4671 864 4713 amat
900 4656 1217 4727 patrem.vel
1238 4663 1456 4712 matrem
1484 4673 1505 4708 :
1542 4673 1562 4706 ι
1598 4652 1662 4705 Et
1702 4653 1755 4708 si
1808 4654 1951 4708 enim
1996 4654 2051 4708 in
2102 4655 2268 4725 hypo-

719 4751 853 4805 stasi
900 4749 1117 4819 propria
1144 4758 1227 4802 est
1258 4746 1514 4815 Spiritus,
1555 4753 1611 4799 et
1641 4743 1800 4823 etiam
1830 4738 2269 4815 iutelligiturper

719 4857 799 4903 se,
828 4845 1099 4910 quatenus
1124 4847 1208 4895 est
1244 4835 1511 4905 Spiritus,
1550 4843 1606 4891 et
1639 4849 1746 4891 non
1782 4823 1864 4890 est
1892 4830 2095 4899 Filius;
2123 4834 2269 4904 nihl-

722 4933 957 4985 lomiuus
988 4945 1092 4983 non
1125 4914 1224 4982 est.
1261 4927 1469 4980 alienus
1502 4926 1569 4979 ab
1624 4926 1777 4995 ipso;
1831 4924 2065 4993 Spiritus
2121 4925 2267 4980 enim

722 5024 963 5078 veritatis
990 5020 1298 5077 nominatus
1318 5025 1398 5071 est
1424 5034 1440 5082 ;
1482 5032 1641 5086 porro
1665 5014 1911 5069 Christus
1940 5022 2021 5069 est
2048 5015 2267 5082 veritas,

720 5125 773 5167 et
803 5114 870 5165 ab
902 5113 1018 5180 ipso
1048 5110 1369 5174 eil'uuditur.
1425 5123 1530 5163 non
1572 5108 1727 5162 aliter
1754 5106 1992 5174 profecto
2033 5116 2194 5175 atque
2238 5123 2267 5160 a

725 5203 834 5271 Deo
856 5210 909 5253 et
935 5200 1113 5253 Patre.
1152 5225 1167 5247 ι

791 5382 941 5448 Quod
974 5383 1016 5434 si
1049 5379 1170 5451 quis
1222 5382 1327 5435 hoc
1363 5381 1481 5435 ioco
1518 5382 1771 5451 Spiritum
1820 5380 2019 5433 dottqu
2052 5376 2271 5431 minime

722 5473 1023 5526 subsistens
1053 5473 1165 5524 vult
1205 5487 1325 5525 esse
1362 5490 1377 5525 :
1424 5488 1608 5524 verum
1659 5472 1889 5538 primum
1931 5470 2148 5537 quidem
2189 5470 2267 5521 vi-

723 5574 935 5617 ventem
1006 5564 1312 5633 (Spiritum)
1366 5573 1419 5617 et
1470 5566 1851 5620 subsistentem
1910 5563 2067 5628 dixit,
2112 5573 2166 5615 et
2218 5560 2270 5613 iu

732 5655 946 5716 nrouria
981 5658 1254 5717 ln'vostaai
1290 5670 1429 5716 esse.
1465 5672 1525 5710 ac
1574 5672 1667 5715 uer
1697 5671 1776 5709 se.
1821 5656 2023 5710 Deinde
2056 5653 2272 5722 quando

2364 4472 2586 4540 ἀμφοῖν,
2634 4473 2799 4542 ἧγουν
2861 4475 2924 4527 ὲκ
2980 4476 3190 4543 Πατρὸς
3248 4473 3318 4527 δι’
3348 4476 3496 4539 rtus,
3556 4478 3922 4548 προχεόμενον

2366 4562 2600 4629 πνεῦμα.
2630 4579 2649 4613 ι
2678 4562 2845 4615 Πάλιν
2872 4565 2901 4615 ὁ
2933 4562 3090 4624 αὐτὸς
3119 4565 3176 4615 ἑν
3200 4567 3263 4633 τῇ
3282 4565 3413 4631 πρὸς
3434 4566 3727 4634 Νεστὸριυν
3763 4570 3919 4637 τρίτῃ

2366 4649 2525 4705 αὐτοῦ
2558 4638 2834 4722 ἐπιστολῇ,
2874 4648 2942 4722 ἧς
2979 4654 3011 4721 ἡ
3072 4653 3211 4722 ἀρχή
3234 4667 3250 4684 ⁸
3286 4652 3397 4707 Τοῦ
3450 4653 3719 4722 Σωτῆρος
3757 4657 3922 4727 ἡμῶν

2365 4739 2668 4817 λέγοντος,
2709 4758 2727 4791 ι
2769 4741 2832 4794 '0
2883 4739 3068 4809 φιλῶν
3118 4742 3362 4817 πατέρα,
3404 4742 3704 4812 ἣμητέρα.
3735 4764 3755 4797 ι
3819 4748 3922 4813 (ει

2366 4813 2473 4898 γὰρ
2503 4831 2596 4883 καὶ
2626 4829 2773 4882 εστιν
2799 4832 2857 4883 δν
2894 4813 3185 4884 ὑποστάσει
3214 4833 3275 4885 τὺ
3331 4832 3553 4902 Πνεῦμα
3620 4834 3785 4905 ίδικῇ,
3826 4837 3923 4899 ⁹καὶ.

2367 4920 2432 4991 δὴ
2462 4905 2556 4974 καὶ
2583 4922 2779 4974 νοεῖται
2808 4922 2928 4974 καθ’
2951 4924 3129 4989 ἑαυτὸ,
3157 4926 3289 4976 καθὸ
3326 4927 3545 4995 Πνεῦμά
3567 4929 3684 4980 ἐστι
3702 4930 3799 4979 καὶ
3829 4929 3923 4997 οὐχ

2375 5013 2497 5076 Tib;
2518 5032 2533 5046 ο
2570 5012 2682 5065 ἀλλ’
2707 5012 2799 5065 οὖν
2836 5016 2981 5066 ἐστιν
3030 5016 3127 5067 οὐκ
3154 5016 3429 5085 ἀλλότριον
3484 5016 3669 5069 αὐτοῦ.
3702 5018 3922 5087 Πνεῦμα

2370 5109 2477 5175 γὰρ
2511 5106 2766 5173 ἀληθείας
2804 5107 3139 5174 ὠνόμασται,
3173 5109 3265 5161 καὶ
3294 5104 3406 5161 ἔστι
3459 5108 3693 5181 Χριστὸς
3722 5112 3757 5179 ἡ
3793 5112 3919 5180 ἀλή-

2371 5198 2525 5249 θειαο
2564 5197 2653 5248 καὶ
2708 5202 2983 5267 προχεῖται
3016 5200 3145 5270 παρ’
3192 5199 3381 5265 αὐτοῦ,
3436 5203 3688 5271 καθάπερ
3736 5202 3920 5272 ἀμέλει

2372 5290 2544 5348 καὶέκ
2571 5287 2664 5342 τοῦ
2698 5288 2831 5344 Θεοῦ
2869 5292 2959 5346 xit
2985 5292 3215 5361 Πατρός.
3244 5311 3263 5344 ι

2441 5385 2502 5436 Εἰ
2539 5383 2593 5435 δέ
2634 5401 2716 5445 τις
2755 5384 2982 5437 ἐνταῦθα
3020 5385 3080 5436 τὸ
3121 5384 3338 5453 Πνεῦμα
3400 5386 3641 5453 χάρισμα
3684 5383 3913 5453 βούλεται

2372 5474 2741 5526 ἀνυπόστατον
2784 5470 2918 5526 εἶναι
2946 5492 2957 5505 ·
2997 5473 3131 5525 ἀλλὰ
3177 5476 3391 5543 πρῶτον
3430 5476 3560 5538 μὲν,
3595 5474 3704 5536 ζῶν
3737 5494 3795 5528 τε
3835 5478 3915 5528 καὶ

2374 5567 2730 5617 ινυπόοτατον
2762 5565 2947 5635 εἴρηκε
2968 5606 2983 5631 ,
3018 5564 3111 5617 καὶ
3144 5562 3206 5636 ἐν
3238 5566 3532 5619 ὑποστάσει
3566 5561 3707 5620 εἶναι
3744 5568 3907 5635 ίδικῇ,

2378 5658 2469 5711 καὶ
2497 5658 2614 5709 καθ’
2641 5658 2799 5712 ἑαυτό
2817 5675 2830 5689 ·
2857 5658 3043 5711 ἔπειτα
3073 5659 3163 5712 καὶ
3185 5659 3272 5711 ὅτε
3299 5657 3621 5733 σωματικῶς
3646 5660 3774 5712 αὐτὸ
3797 5661 3904 5711 ἐντι
