4126 6322
695 296 799 356 959
1407 302 1416 311 '
1941 287 2309 349 DEMETRII
2351 282 2655 345 CYDONII
3787 277 3909 338 960

1707 634 2286 724 DEMETBII
2375 574 2877 721 CYDONII

2022 834 2110 889 AD
2140 829 2406 884 BARLAA
2417 826 2565 882 MU.“

1284 995 1667 1056 umsrom
1766 993 1863 1053 DE
1955 958 2490 1051 euocasstoxt:
2582 986 2932 1047 smun‘os
3011 981 3292 1044 SANCTI

1400 1137 1545 1197 (Vide
1569 1136 1699 1185 inter
1727 1142 1921 1185 mutuas
1950 1132 2179 1182 Barlaami
2207 1130 2534 1181 ettDcmetrii
2558 1129 2791 1191 epistolas
2813 1127 3190 1190 ingllarlaamo.)

2006 1482 2571 1575 MONITUM

774 1690 849 1748 IN
895 1685 1358 1747 OllA'l‘lONE.“
1408 1677 1791 1741 DEMETRH
1832 1672 2153 1735 CYDO‘NII
2198 1673 2301 1730 DE
2340 1670 2870 1731 ADMITTENDO
2921 1670 3392 1731 LA'I‘INOBUM
3437 1671 3819 1733 SUBSIDIO.

1843 1825 2112 1886 (CONBEFIS.
2144 1824 2500 1880 Aut‘lttr.,tt0tt.,
2535 1823 2651 1866 tom.
2687 1815 2772 1877 ll.)

768 2080 843 2152 De
869 2097 1142 2151 Dctnetrio
1177 2094 1420 2166 Cydonio
1446 2096 1499 2148 in
1535 2095 1651 2148 lure
1682 2095 1851 2148 verba
1886 2094 2212 2148 Possevinus
2242 2108 2307 2147 ex
2336 2094 2691 2148 Volateranno
2737 2111 2750 2146 :
2788 2092 3081 2147 Demetrius
3108 2093 3372 2164 Cydonius
3408 2090 3914 2161 Thessalonicensis,

691 2197 769 2247 vir
802 2196 978 2246 doctus
1000 2208 1142 2261 teque
1175 2208 1237 2243 ac
1260 2168 1513 2251 sanctus:
1530 2184 1711 2242 Crwc'a
1777 2189 2075 2257 Latinoque
2103 2189 2347 2257 facundia
2391 2168 2663 2255 pra'dit'us,
2709 2204 2770 2241 ea:
2807 2188 2979 2255 patria
3022 2176 3287 2248 decedens,
3346 2186 3695 2240 Mediolanum
3744 2192 3915 2255 venit,

693 2289 780 2341 ubi
830 2289 1017 2340 litteris
1051 2286 1255 2340 Latinis
1298 2300 1357 2338 ac
1394 2283 1664 2351 theologia:
1720 2300 1933 2353 operam
1982 2284 2142 2335 dedit.
2195 2282 2251 2335 S.
2286 2283 2489 2336 Thamar
2528 2284 2803 2352 Aquinatis
2838 2282 2992 2334 libros
3023 2282 3077 2333 in
3123 2280 3361 2336 Grarcum
3400 2298 3695 2338 sermonem
3728 2286 3909 2348 vertit,

690 2399 809 2449 qua:
854 2385 1017 2436 rersie
1063 2383 1312 2449 hodieque
1357 2382 1410 2434 in
1462 2380 1583 2433 bibl.
1631 2379 1896 2432 Vaticana
1931 2380 2181 2431 cernitur.
2233 2378 2448 2445 Scripsit
2496 2388 2544 2431 et
2591 2388 2773 2437 contra
2821 2379 3129 2432 Eunomium
3173 2378 3235 2431 de
3283 2376 3572 2431 Divinitate
3613 2376 3764 2438 Filii,
3796 2387 3907 2432 etc.

695 2478 879 2531 Exstat
908 2479 1027 2547 ejus
1061 2475 1233 2530 oratio
1264 2474 1485 2528 Basileae
1514 2474 1681 2536 edita,
1734 2473 1802 2527 de
1864 2474 1972 2527 vita
2003 2484 2058 2527 et
2106 2482 2300 2527 morte.
2339 2472 2545 2527 llabcnt
2589 2475 2743 2541 plura
2773 2474 2890 2542 ejus
2928 2473 3379 2527 bibliothecarum
3431 2466 3657 2527 indices.
3715 2472 3793 2525 Ex
3844 2466 3913 2526 ii's

695 2572 937 2628 malnec
974 2573 1104 2625 mihi
1136 2570 1311 2625 oratio
1358 2569 1626 2638 praecipua
1657 2569 1768 2622 visa
1802 2578 1904 2632 est,
1963 2584 2022 2623 ac
2072 2583 2192 2621 meo
2238 2568 2483 2645 instituto
2521 2579 2958 2637 opportunaqua
3006 2558 3265 2636 deinceps
3306 2584 3335 2621 a
3375 2567 3622 2622 Mauucle
3652 2566 3914 2635 prtcclare

693 2670 952 2722 illustrari
993 2669 1268 2723 videretur
1305 2666 1528 2721 historia
1560 2664 1765 2719 Grmca.
1802 2666 1910 2719 Nec
1948 2665 2093 2719 enim
2137 2665 2369 2721 Joannes
2403 2667 2715 2735 imperator,
2752 2680 2860 2734 quo
2895 2667 3117 2719 Romam
3154 2664 3393 2734 profecto
3438 2665 3742 2718 Demetrius
3807 2663 3914 2717 ἰδία

690 2760 890 2823 oravit,
928 2760 1065 2814 alius
1097 2759 1344 2812 videatur
1376 2773 1537 2827 quam
1579 2756 1817 2810 Joannes
1869 2757 2128 2811 Manuelis
2172 2759 2332 2820 illius,
2379 2773 2539 2827 quem
2582 2768 2637 2812 et
2684 2758 2736 2811 iu
2775 2747 3098 2827 Hingariam
3132 2757 3431 2827 profectum
3477 2756 3676 2811 auxilia
3723 2769 3914 2809 corro-

693 2860 948 2919 gaturum
985 2851 1148 2905 habet
1182 2850 1414 2905 Franzes
1438 2866 1487 2904 c.
1517 2849 1580 2903 41
1612 2865 1626 2902 :
1657 2849 1749 2901 Die
1782 2848 1850 2901 15
1891 2848 2161 2904 Novembr.
2188 2867 2316 2903 arm.
2342 2849 2501 2914 6932,
2535 2848 2728 2903 Christi
2756 2849 2906 2914 1424,
2931 2851 3219 2919 imperator
3240 2848 3470 2904 Joannes
3496 2850 3549 2901 in
3582 2848 3912 2917 "augurium

691 2943 932 3006 transiit,
960 2945 1125 3011 fratre
1149 2959 1242 2994 suo
1268 2939 1614 2994 Constantino
1640 2940 1860 3013 despota
1894 2942 2155 3001 instituto,
2211 2949 2259 2992 et
2309 2957 2402 3009 pro
2445 2956 2500 2994 se
2534 2943 2586 2994 in
2631 2942 2753 2994 urbe
2784 2942 2984 2995 relicto.
3018 2941 3187 3006 Quam
3217 2942 3335 3009 ejus
3385 2940 3773 3009 profectionem
3810 2953 3913 2995 nec

698 3033 1002 3087 Detnetrius
1036 3033 1179 3086 silet.
1215 3029 1345 3085 Orat
1377 3032 1477 3085 iSta
1511 3046 1633 3085 cum
1661 3032 1771 3099 jam
1823 3031 2015 3095 Graeci,
2049 3031 2303 3086 omnibus
2347 3046 2481 3099 pene
2527 3031 2762 3096 amissis,
2812 3032 2900 3084 vix
2946 3032 3133 3086 urbem
3171 3032 3374 3085 salvam
3414 3032 3700 3085 haberent.
3732 3032 3913 3101 Argu-

697 3134 880 3176 mento
912 3131 1089 3176 autem
1120 3132 1263 3185 sunt,
1304 3108 1427 3175 cu'm
1496 3122 1756 3176 Demetrii
1809 3121 1976 3176 animi
2032 3123 2086 3175 in
2126 3122 2347 3178 Latinos
2387 3122 2778 3192 propensioris,
2818 3132 2930 3176 tum
2983 3122 3269 3190 iuiquioris
3317 3124 3368 3177 in
3405 3123 3624 3176 eosdem
3673 3124 3910 3191 plurium

694 3215 1030 3276 Grzeeorum,
1060 3228 1196 3283 quos
1223 3214 1257 3265 ii
1296 3214 1436 3267 ultro
1467 3228 1658 3267 eorum
1696 3228 1859 3267 causa
1892 3213 2154 3269 adeuntes
2187 3214 2447 3282 pericula,
2478 3216 2549 3268 ita
2573 3229 2713 3285 aegre
2742 3215 3093 3269 admitterent
3127 3233 3141 3269 :
3181 3216 3331 3269 velut
3380 3213 3709 3277 'l‘urcorum,
3748 3230 3911 3283 quam

700 3310 1009 3363 Latinorum
1038 3312 1224 3378 jugum
1270 3310 1444 3363 levius
1473 3309 1754 3364 haberent.
1798 3311 1997 3364 Pneter
2026 3311 2129 3364 alia
2180 3310 2437 3365 Demetrii
2484 3320 2830 3365 monumenta
2879 3321 3057 3364 exstat
3090 3312 3256 3380 Regio
3306 3311 3494 3365 codice
3548 3310 3910 3376 prolixissima

697 3400 882 3453 Uratio
914 3400 1001 3462 Et;
1029 3400 1119 3451 τὸν
1146 3399 1589 3467 Εὑαγγελισμόν·
1620 3414 1724 3469 qua
1750 3400 1863 3456 fere
1889 3403 2071 3455 omnia
2109 3402 2408 3470 spee‘tanlia
2456 3403 2522 3455 ad
2572 3402 2807 3456 hominis
2857 3401 3064 3469 lapsum
3108 3418 3170 3454 ac
3218 3402 3614 3469 reparationem
3668 3402 3913 3455 luculen-

701 3491 905 3545 tissime
954 3502 1148 3548 tractat
1197 3506 1260 3545 ac
1304 3492 1616 3560 exsequitur
1665 3495 2052 3559 congruentias
2097 3494 2391 3557 adducens,
2449 3495 2637 3563 quales
2692 3494 2806 3548 fere
2857 3493 2916 3546 Ι).
2980 3494 3214 3547 Thomas
3294 3510 3349 3546 ιιι
3405 3490 3633 3548 Summa:
3681 3510 3733 3561 p.
3786 3492 3916 3563 Ejus

700 3586 860 3640 titulo
918 3588 990 3643 ita
1050 3595 1134 3640 est
1186 3586 1429 3640 additum
1483 3605 1497 3641 :
1543 3588 1617 3639 Οὐ
1667 3588 1773 3657 μὴν
1815 3590 1902 3641 ἐπ’
1943 3589 2240 3658 ἐκκλησίας
2290 3592 2329 3642 ἀ

2290 3590 2821 3659 ἀναγινωσκόμενος,
2890 3589 2976 3642 διὰ
3035 3590 3095 3641 τὸ
3158 3592 3222 3658 τῇ
3288 3589 3545 3657 καθολικῇ
3612 3590 3912 3658 Ἐκκλησέᾳ

701 3682 1205 3752 ἀποδοκιμασθῆναι
1226 3698 1241 3713 ·
1281 3681 1442 3736 Haud
1502 3693 1675 3735 tamen
1700 3699 1872 3737 sermo
1897 3686 1991 3737 iste
2022 3684 2215 3754 legitur
2244 3687 2298 3738 in
2331 3687 2544 3739 ecclesia
2582 3688 2718 3755 quod
2744 3686 3053 3752 reprobatus
3083 3685 3240 3754 fuerit
3267 3685 3328 3737 ab
3367 3682 3595 3737 Ecclesia
3630 3684 3907 3737 catholica.

705 3780 828 3847 Legi
858 3795 978 3847 ego,
1008 3793 1107 3831 nec
1140 3777 1343 3846 aliquid
1379 3778 1432 3831 in
1469 3792 1578 3846 quo
1608 3777 1789 3833 minus
1814 3777 2018 3834 Grecis
2043 3796 2106 3833 ac
2130 3782 2330 3835 nostris
2360 3782 2668 3845 conveniat,
2695 3781 2898 3835 on‘endi
2925 3798 2939 3834 :
2968 3796 3139 3849 eoque
3179 3770 3429 3835 existimo
3482 3778 3825 3846 reprobatum
3856 3779 3908 3831 in

703 3875 886 3928 odium
918 3873 1176 3933 auctoris,
1208 3888 1369 3940 quem
1393 3874 1539 3926 velut
1574 3862 1949 3943 Aattvétppova
2000 3875 2172 3929 Graeci
2231 3875 2557 3930 Schismatici
2597 3876 2721 3929 odio
2772 3885 3249 3943 prosequerentur.
3283 3875 3489 3929 'Exstat
3536 3888 3667 3926 sane
3712 3873 3911 3926 ibidem

705 3972 820 4038 ejus
862 3968 925 4021 ad
960 3967 1429 4034 archiepiscopum
1471 3950 2013 4023 Thessalonicensem
2049 3969 2396 4025 Theodorum
2447 3958 2668 4025 διελύθη)
2721 3970 2837 4023 fusa
2890 3972 3021 4025 satis
3063 3970 3311 4038 epistola,
3356 3984 3461 4037 qua
3513 3984 3569 4022 se
3606 3976 3817 4037 purgat,
3850 3982 3913 4020 ac

704 4058 951 4134 queritur
975 4062 1041 4114 de
1071 4061 1305 4115 sinistris
1356 4064 1422 4116 ab
1451 4078 1517 4117 eo
1570 4064 1774 4132 sparsis
1835 4065 2168 4128 rumoribus,
2224 4080 2284 4119 ac
2315 4064 2515 4134 quibus
2567 4066 2875 4120 traduceret
2908 4066 3054 4120 velut
3116 4063 3471 4125 haereticum;
3519 4074 3827 4132 promptum
3858 4079 3913 4117 se

706 4158 887 4212 doceri
920 4156 1249 4226 signiﬁcans,
1284 4167 1342 4212 ut
1372 4157 1460 4211 ille
1514 4159 1734 4213 meliora
1760 4160 2095 4214 ostenderet
2142 4175 2205 4215 ac
2246 4162 2529 4230 probaret;
2585 4161 2724 4213 haud
2771 4177 2898 4215 vero
2934 4175 3239 4224 cessurum,
3277 4168 3338 4235 ut
3401 4159 3661 4212 nonnulla
3697 4168 3910 4228 patrum

709 4247 915 4317 populi,
958 4248 1188 4315 lmjusve
1218 4258 1311 4301 aut
1340 4250 1483 4303 illius
1515 4251 1861 4317 auctoritate,
1893 4261 1985 4306 aut
2012 4253 2175 4307 etiam
2205 4253 2601 4322 experimento,
2626 4253 2707 4306 vel
2748 4268 2907 4307 sensu
2952 4254 3133 4321 aliquo
3184 4262 3457 4321 premeret
3491 4269 3504 4304 :
3532 4249 3731 4320 quibus
3756 4249 3917 4318 plane

714 4341 962 4397 Ecclesiae
991 4357 1121 4407 suae,
1153 4358 1312 4410 quam
1346 4344 1636 4398 schismate
1670 4345 1897 4399 divisam
1936 4356 2141 4414 nosset,
2174 4364 2276 4403 nec
2322 4348 2589 4417 dogmatis
2632 4350 2855 4402 omnino
2911 4364 3119 4410 sanam,
3172 4346 3553 4401 auctoritatem
3599 4344 3791 4407 elevat,
3854 4360 3916 4398 ac

710 4450 934 4488 suorum
964 4434 1133 4500 carpit
1169 4418 1571 4501 credulitatem,
1599 4438 1690 4505 qui
1720 4437 2090 4493 schismaticis
2147 4455 2211 4494 ac
2251 4441 2521 4495 haereticis
2566 4441 2837 4509 magistris
2888 4440 3024 4493 adeo
3060 4436 3319 4503 tribuant,
3368 4447 3422 4491 et
3469 4435 3605 4489 nihil
3659 4445 3915 4504 praetcrea

713 4524 978 4592 reliquum
1009 4524 1171 4578 velint
1206 4526 1271 4579 ad
1313 4529 1593 4580 veritatem
1628 4529 2007 4599 indagandam.
2045 4531 2215 4597 Quam
2249 4548 2379 4602 ergo
2418 4532 2619 4587 Graecis
2668 4532 3030 4586 schismaticis
3062 4528 3282 4601 Cidonii
3322 4530 3582 4582 invidiosa
3633 4526 3913 4587 memoria,

714 4628 820 4669 tam
864 4614 1065 4669 Latinis
1094 4616 1414 4670 orthodoxis
1458 4628 1607 4687 grata
1657 4621 1852 4674 debeat
1899 4638 2019 4676 esse
2070 4639 2132 4677 ac
2181 4640 2365 4689 sacra;
2417 4624 2592 4691 sitque
2647 4625 2811 4695 magis
2865 4640 2895 4678 e
2954 4641 3007 4676 re
3041 4622 3344 4679 Christiana
3372 4610 3501 4690 'ej'us
3538 4620 3737 4688 publici
3774 4618 3916 4687 juris

712 4718 1062 4764 inonutnenta
1098 4707 1296 4773 facere,
1325 4725 1486 4778 quam
1520 4711 1603 4764 vel
1644 4711 1940 4781 Philothei,
1975 4716 2055 4769 vel
2090 4715 2369 4780 Cabasilae,
2411 4725 2506 4769 aut
2550 4717 2773 4770 aliorum
2820 4717 3127 4785 aequalium,
3174 4731 3307 4785 quos
3340 4714 3474 4769 nihil
3502 4712 3740 4782 Cydonio
3774 4726 3916 4779 prte-

714 4802 1003 4856 stantiores
1031 4802 1275 4858 doctrina
1307 4816 1402 4860 aut
1430 4806 1635 4877 eloquii
1672 4810 1869 4865 nitore.
1902 4812 2184 4866 erroribus
2212 4812 2267 4865 in
2297 4811 2400 4867 ﬁde
2439 4828 2563 4868 cum
2592 4810 2885 4868 schismate
2913 4812 3139 4867 infectos
3166 4813 3359 4882 liquet.
