4126 6322
158 310 257 373 960

1058 306 1343 369 ORATIO
1386 304 1533 365 PRO
1576 282 1947 362 suasmto.
1985 299 2455 359 LATiNoauu.

3269 305 3371 367 Ἧι)

160 443 261 495 χρη
332 419 695 490 παραϐάλλειν
744 419 937 491 φθορᾷ⁸
1002 422 1159 489 εἴπερ
1191 421 1287 473 οὐκ
1336 417 1448 471 ῐσον
1506 417 1721 469 πάντων

1848 413 2043 483 ιυίἀοῐη
2083 412 2223 465 haud
2254 427 2467 481 :equum
2507 410 2774 477 videatur,
2799 414 2864 467 ab
2894 416 3144 499 omnibus
3177 422 3376 487 pariter

157 510 287 582 ὁμοῦ
313 511 421 563 τῶν
462 509 660 574 ἔξωθεν
710 510 929 579 ἀγαθῶν
982 513 1072 564 καὶ
1099 509 1232 563 Θεοῦ
1266 508 1616 578 χωρισθῆναι·
1655 501 1717 560 οὗ

159 606 321 674 χωρὶς
354 602 504 655 οὐδέν
538 602 684 654 ἔστιν
735 603 950 655 ἐλπίσαι
982 603 1088 656 τῶν
1128 600 1364 669 ἀγαθῶν.

228 694 291 746 El
348 692 527 745 τοίνυν
596 694 659 745 lx
738 694 953 745 πάντων
1011 695 1306 759 ἀναγκαῖον
1362 690 1602 759 γίνεσθαι
1665 689 1725 740 τδ

159 784 479 853 ἀμύνεσθαι,
541 786 588 837 εί
649 785 747 853 μὲν
776 786 867 837 καὶ
918 786 1077 853 ἡμεῖς
1118 783 1237 835 καθ’
1270 784 1495 846 ἑαυτοὺς
1521 782 1724 852 αὐτάρ-

160 894 272 939 κεις
296 878 431 946 πρὸς
462 880 551 928 τὸν
606 877 837 945 πόλεμον
859 872 1021 945 ἦμεν,
1073 877 1215 929 τοῦτ’
1264 875 1329 929 ἂν
1382 872 1449 945 ἦν
1504 876 1724 943 ἄριστον

161 970 417 1038 καὶπρὸς
448 969 627 1033 δόξαν,
662 969 771 1027 ,καὶ
840 969 976 1037 πρὸς
1031 970 1092 1020 τὸ
1149 970 1223 1039 μὴ
1282 967 1568 1038 πόρρωθεν
1628 970 1725 1035 τὴν

162 1056 477 1123 συμμαχίαν
543 1056 891 1124 ἀθροίζοντας
946 1058 1175 1125 πρᾶγμα
1240 1056 1403 1127 ἔχειν’
1459 1058 1577 1108 ἐπεὶ
1625 1058 1721 1109 δ’σὲ

160 1146 480 1214 καθημέραν
502 1145 768 1216 ῥᾳστώνη,
828 1146 1003 1199 καὶτὸ
1018 1147 1116 1209 τὰς
1141 1148 1415 1216 παρούσας
1436 1148 1600 1219 τύχας
1629 1165 1731 1216 μγ,-

161 1233 353 1287 δέποτε
393 1235 783 1305 προσδοκῆσαι,
823 1237 903 1298 εἰς
940 1235 1128 1290 τοῦτον
1156 1240 1299 1290 κατὰ
1330 1241 1531 1307 μικρὸν
1560 1240 1732 1311 προή-

165 1342 341 1393 γαγον
387 1328 537 1397 ἡμᾶς
587 1327 679 1379 τὸν
714 1330 958 1398 κρημνόν
1000 1343 1014 1358 ⁸
1046 1331 1262 1392 πάντως
1303 1332 1424 1384 οὐδὲ
1479 1332 1563 1385 διά
1623 1333 1733 1384 τῶν

166 1419 414 1485 μάντεων
458 1418 653 1488 ἑτέραν
688 1422 792 1488 χρὴ
818 1420 1187 1489 προσδοκῆσαι
1218 1422 1423 1492 φωνὴν,
1457 1422 1489 1490 ἢ
1520 1421 1594 1484 ὡς
1617 1424 1736 1475 ἑτέ-

167 1526 291 1577 ρους
324 1510 387 1580 δὴ
418 1510 623 1575 καλεῖν,
653 1511 780 1575 τοὺς
828 1512 927 1581 τὴν
956 1512 1101 1581 ὑπὲρ
1129 1514 1159 1582 ἡ
1171 1515 1285 1581 μῶν
1334 1515 1736 1583 ἀπαιτήσοντας

162 1600 339 1669 δίκην·
374 1602 495 1654 ιπεὶ
523 1602 726 1672 ταύτην
755 1606 901 1673 ημᾶς
923 1606 1019 1675 τὴν
1063 1604 1313 1675 δύναμιν,
1377 1609 1409 1675 ἡ
1438 1606 1547 1659 τῶν
1604 1606 1737 1675 βαρ·

166 1689 349 1759 ὀάρων
397 1693 604 1747 τούτων
648 1694 897 1758 ἐπίθεσις
931 1697 1026 1748 κει)⁸
1082 1694 1364 1760 πλεονεξία
1426 1696 1732 1766 παρείλετο.

164 1783 476 1851 Σκέψασθαι
505 1784 591 1855 δὴ,
618 1785 777 1837 τίνων
802 1785 881 1837 δεῖ
906 1788 1017 1848 τοῖς
1057 1787 1189 1858 ἡμῖν
1220 1788 1579 1841 συνδιοίσουσι
1642 1789 1732 1842 τὸν

165 1874 403 1943 πόλεμον
426 1874 633 1937 τοῦτον,
659 1876 726 1928 ἵν’
752 1874 1017 1943 ἐντεῦθεν,
1048 1878 1199 1941 τίνας
1225 1878 1440 1932 ἀλέσθαι
1473 1880 1573 1943 δεῖ,
1600 1878 1734 1947 γνὼ-

169 1979 332 2032 ριμον
362 1964 495 2032 ἡμῖν
522 1968 790 2036 καταστῇ.

238 2054 447 2108 Οὐκοῦν
496 2056 734 2127 ἀνάγκη,
793 2056 1009 2129 πρῶτον
1054 2060 1153 2129 μὲν
1179 2059 1439 2131 τῆς-περὶ
1479 2064 1540 2115 τὸ
1571 2063 1729 2117 Θεῖον

161 2146 329 2214 δόξης
377 2149 506 2217 ἡμῖν
554 2150 854 2202 κοινωνεῖν.
896 2149 1201 2218 Ἀμήχανον
1253 2152 1357 2221 γάρ
1417 2155 1545 2217 τοὺς
1608 2157 1736 2224 περὶ

163 2237 329 2290 τοῦτο
353 2241 470 2300 ταῖς
494 2238 741 2307 γνώμαις
768 2239 1149 2311 διῃρημένους,
1179 2239 1214 2292 ἂ
1256 2242 1364 2293 τῶν
1401 2241 1571 2309 φίλων
1596 2244 1731 2305 ἐστὶ,

164 2326 327 2379 ταῦτ’
357 2328 571 2381 ἐλπίσαι
624 2329 755 2381 ποτε
785 2331 916 2400 παρ’
944 2329 1210 2399 ἀλλήλων.
1248 2333 1480 2386 Ἔπειτα
1523 2336 1617 2388 καὶ⁸
1648 2334 1739 2388 ἀλ-

164 2420 280 2479 λω;
319 2420 448 2487 ἡμῖν
480 2419 713 2483 οἰκείους
744 2422 842 2476 καὶ
875 2424 1127 2493 συνήθεις
1175 2425 1477 2495 ὑπάρχειν·
1510 2426 1654 2495 λέγω
1682 2429 1738 2482 δὲ

167 2511 359 2570 κοινάς
389 2510 508 2563 ποθ’
538 2514 667 2583 ἡμῖν
700 2515 970 2579 κάκείνοις
1032 2518 1285 2583 γενέσθαι
1323 2521 1609 2588 στρατείας
1645 2523 1736 2573 καὶ

162 2601 492 2671 διοικήσεις,
520 2607 609 2657 καὶ
636 2608 732 2669 τὰς
761 2607 928 2671 ἄλλας
950 2610 1235 2676 ἐπιμιξίας
1258 2626 1271 2640 ο
1305 2612 1397 2663 καὶ
1437 2611 1574 2675 ὅλως
1602 2607 1740 2665 εἷναί

167 2708 225 2742 τι
262 2694 357 2743 καὶ
393 2695 654 2765 πρότερον
682 2696 742 2749 τὸ
777 2699 1028 2765 συνάγον.
1072 2701 1167 2763 Τίς
1197 2702 1308 2770 γὰρ
1337 2703 1402 2755 ἂν
1433 2703 1740 2755 πιστεύσειε

168 2785 287 2844 τοῖς
313 2784 570 2852 μηδέποτ’
595 2788 855 2858 ἀλλήλους
879 2792 1165 2857 ἐγνωκόσι,
1183 2792 1450 2861 τοσαύτην
1476 2795 1743 2855 αὐτοῖςὲκ

172 2875 405 2944 πρώτης
460 2879 641 2944 φιλίαν
676 2881 1105 2951 ἐγγενήσεσθαι,
1156 2883 1287 2935 ὥσθ’
1335 2884 1473 2954 ὑπὲρ
1496 2884 1743 2955 ἀλλήλων

170 2968 452 3037 αἱρεῖσθαι
484 2970 814 3024 κινδυνεύειν
861 2973 889 3025 ὃ
937 2974 1059 3044 μηδ’
1090 2975 1227 3046 ὑπὲρ
1258 2975 1368 3030 τῶν
1397 2977 1744 3047 συνηθεστά-

1823 503 2063 558 externis
2107 502 2264 555 bonis
2290 541 2304 565 ,
2338 512 2500 571 atque
2548 518 2578 555 a
2613 504 2720 557 Deo
2752 519 3024 576 segregem
3075 508 3227 575 fieri,
3259 514 3377 568 sine

1823 609 1955 664 quo,
1984 594 2115 646 nihil
2141 594 2266 647 licet
2293 608 2515 661 sperare
2542 594 2667 648 boni

1892 686 2025 740 Cum
2055 686 2241 754 itaque
2276 686 2409 739 ultio
2453 686 2814 756 undequaque
2843 694 3145 747 necessaria
3174 695 3275 758 sit,
3306 697 3380 749 si-

1826 777 2044 846 quidem
2085 777 2187 846 ipsi
2238 793 2265 829 a
2296 779 2454 832 nobis
2486 782 2616 832 satis
2652 780 2717 832 ad
2768 780 2972 834 bellum
3020 784 3379 851 haberemus,

1826 878 1969 923 esset
1999 868 2048 922 id
2076 869 2297 937 quidem
2337 870 2623 938 optimum,
2656 886 2776 923 cum
2798 873 2863 925 ad
2885 875 3131 942 gloriam,
3172 888 3282 943 tum
3316 896 3383 934 ne

1831 959 2120 1013 auxiliares
2146 962 2315 1030 copiae
2344 963 2529 1025 procul
2555 962 2736 1017 labore
2763 968 3155 1035 congreganda:
3178 981 3380 1023 essent.

1831 1047 1907 1101 Ex
1937 1063 2044 1117 quo
2102 1059 2279 1102 tamen
2315 1050 2630 1117 quotidiana
2670 1052 2794 1106 vita:
2831 1055 3042 1121 laxitas,
3083 1060 3387 1124 prmscntis-

1833 1154 1939 1207 que
1975 1139 2206 1193 fortuna:
2234 1155 2443 1193 summa
2474 1141 2721 1208 quaedam
2758 1130 3265 1211 iucxsp‘ectatio,eo
3288 1162 3388 1201 nos

1840 1229 2101 1299 paulatim
2138 1230 2425 1299 praacipitii
2469 1234 2735 1299 provexit,
2764 1234 2904 1287 haud
2934 1235 3090 1288 aliam
3116 1236 3272 1305 plane
3303 1238 3385 1290 vel

1834 1335 1863 1373 ιι
1924 1320 2142 1374 vatibus
2183 1321 2446 1375 habemus
2502 1325 2917 1391 exspectandam
2956 1341 3171 1392 vocem,
3226 1344 3388 1395 quam

1835 1412 1971 1466 alios
2002 1412 2349 1467 advocandos
2371 1428 2513 1476 esse,
2546 1415 2640 1482 qui
2680 1426 2917 1469 nostram
2951 1418 3281 1471 ulciscantur
3310 1420 3393 1473 in-

1830 1503 2060 1572 juriam;
2090 1503 2358 1571 siquidem
2392 1504 2442 1557 id
2470 1506 2625 1559 nobis
2653 1505 2927 1562 facultatis
2957 1507 3267 1578 ademptum
3301 1522 3387 1565 est

1839 1607 1934 1659 per
1960 1592 2321 1647 Barbarorum
2350 1594 2758 1662 impressionem
2786 1612 2847 1651 ac
2886 1598 3125 1667 iniquam
3151 1602 3395 1655 vexatio-

1839 1697 1985 1736 nem.
2045 1682 2519 1738 Considerandum
2590 1687 2773 1755 itaque
2832 1704 3097 1757 quosnam
3148 1702 3396 1761 Oporteat

1838 1788 1978 1837 esse,
2013 1774 2125 1844 qui.
2140 1777 2239 1829 hoc
2269 1774 2411 1829 bello
2443 1774 2915 1847 socii'depugnare
2941 1780 3195 1845 habeant,
3222 1791 3276 1833 ut
3302 1796 3393 1844 eo,

1837 1866 2056 1935 quinam
2096 1868 2206 1921 sint
2232 1869 2464 1939 eligendi
2492 1870 2840 1939 perspicuum
2867 1872 2976 1927 (iat.

1908 2049 2045 2102 Ante
2086 2049 2266 2102 omnia
2325 2048 2489 2117 igitur
2520 2050 2762 2118 {necesse
2801 2052 2889 2113 sit.
2926 2062 2985 2109 ut
3026 2054 3166 2108 idem
3212 2059 3400 2111 nobis-

1838 2154 1962 2193 cum
2002 2140 2069 2192 de
2136 2139 2245 2192 Deo
2274 2139 2534 2193 sentiant.
2568 2134 2778 2209 Quippe
2812 2142 2926 2195 lteri
2970 2147 3179 2213 nequit,
3220 2158 3277 2200 ut
3308 2153 3398 2217 qui

1840 2230 1942 2285 hac
1973 2238 2125 2299 parte
2157 2230 2352 2283 animis
2378 2230 2539 2283 divisi
2587 2241 2731 2296 sunt,
2769 2248 2887 2301 qua:
2921 2246 3051 2289 sunt
3081 2239 3399 2301 amicorum.

1843 2332 2031 2375 mutuo
2065 2321 2170 2375 sibi
2217 2337 2454 2391 unquam
2487 2323 2791 2390 praestanda
2828 2340 3069 2394 sperent.
3104 2328 3240 2384 Tum
3264 2334 3403 2385 vero

1842 2422 1901 2465 ut
1930 2420 1986 2465 et
2020 2414 2157 2467 alias
2208 2416 2505 2469 necessarii
2536 2416 2668 2480 sint,
2696 2432 2757 2471 ac
2810 2421 3135 2487 quibuscum
3173 2441 3406 2479 consue-

1841 2504 2115 2569 verimus;
2150 2513 2207 2567 ut
2242 2506 2486 2576 inquam,
2520 2510 2904 2565 communibus
2945 2515 3217 2582 quondam
3250 2518 3406 2572 bellis

1843 2612 1905 2650 ac
1939 2596 2513 2652 administrationibus
2579 2600 2750 2654 functi
2798 2603 2991 2669 simus,
3044 2623 3106 2661 ac
3154 2610 3276 2665 aliis
3322 2615 3405 2668 usi

1844 2689 2224 2752 commerciis;
2279 2703 2342 2741 ac
2396 2691 2621 2741 omnino
2670 2692 2875 2761 aliquid
2933 2672 3159 2753 exsistat
3188 2718 3407 2758 necesse

1844 2778 1936 2842 sit,
1968 2778 2113 2846 quod
2167 2790 2221 2832 et
2257 2781 2406 2847 prius
2452 2783 2663 2835 animos
2714 2782 3043 2844 devinxerit.
3075 2790 3208 2854 Quis
3259 2796 3405 2848 enim

1844 2868 2068 2923 inducat
2104 2870 2161 2924 in
2214 2872 2478 2937 animum,
2508 2872 2774 2929 hactenus
2806 2877 2950 2931 inter
2996 2894 3052 2933 se
3085 2882 3280 2950 ignotis
3311 2888 3409 2939 ho-

1848 2959 2109 3026 minibus,
2143 2970 2344 3015 tantam
2398 2978 2425 3015 a
2459 2963 2632 3031 prima
2670 2970 3059 3036 congressione
3090 2974 3407 3030 coalitut'am

164 3074 286 3111 των
322 3062 437 3112 ἐστὶ
468 3062 663 3131 ῥαδίως
704 3064 1074 3135 προσδοκῆσαι
1128 3067 1281 3122 ποτέ.
1318 3067 1480 3122 ’Δλλά
1511 3070 1618 3140 μὴν
1650 3072 1743 3124 καὶ

1848 3053 2167 3117 amicitiam,
2203 3065 2261 3109 ut
2282 3071 2382 3110 nec
2414 3070 2512 3126 pro
2555 3072 2611 3111 se
2643 3068 2832 3115 mutuo
2874 3066 3114 3131 pericula
3138 3068 3287 3123 adire
3319 3070 3412 3124 de-

176 3150 399 3221 πλήθει,
430 3156 521 3208 καὶ
548 3157 742 3229 τόλμῃ,
778 3159 876 3211 καὶ
909 3161 1237 3230 φρονήμασι,
1274 3163 1367 3215 καὶ
1395 3164 1458 3232 τῇ
1494 3167 1619 3233 περὶ
1647 3164 1744 3227 τὰς

174 3245 365 3313 μάχας
388 3248 646 3318 ἐμπειρίᾳ
665 3249 748 3301 δεῖ
778 3251 902 3311 τοὺς
936 3253 1279 3322 συμμάχους,
1311 3253 1416 3307 τῶν
1456 3253 1746 3323 βαρὸάρων

175 3337 461 3406 προέχειν,
500 3341 548 3391 εί
582 3342 826 3407 μέλλοιεν
862 3343 987 3404 τοὺς
1022 3346 1078 3395 ἐν
1100 3348 1165 3414 τῇ
1196 3345 1371 3413 οίκείᾳ
1405 3348 1747 3414 μαχομένους

170 3428 339 3481 αὐτοὶ
368 3430 543 3500 νικᾷν,
575 3430 724 3495 δντες
754 3432 917 3501 ξένοι,
948 3435 1043 3490 καὶ
1074 3437 1371 3505 τρέπεσθαι
1402 3439 1527 3500 τοὺς
1561 3437 1748 3492 εἰωθό-

170 3534 283 3583 τας
316 3523 569 3590 κρατεῖνο
603 3524 697 3575 καὶ
743 3526 878 3594 πρός
907 3542 969 3594 γε
1017 3527 1097 3580 ἔτι
1129 3529 1202 3599 μὴ
1228 3528 1435 3597 ταύτην
1465 3529 1646 3593 αὐτοῖς
1675 3526 1749 3583 εἴ·

174 3628 273 3664 ναι
311 3612 533 3682 πρώτην
576 3615 675 3683 τῆς
715 3618 867 3687 ιπρδς
919 3621 1041 3682 τοὺς
1082 3621 1377 3690 πολεμίους
1425 3623 1748 3692 συμπλοκῆς

174 3704 283 3773 τὴν
305 3706 503 3776 ἀρχήν.
525 3707 687 3760 nam
713 3709 807 3761 καὶ
834 3711 1100 3779 πρότερον
1134 3707 1273 3765 εἶναι
1303 3714 1511 3768 τούτων
1569 3732 1753 3767 πεπει-

178 3796 478 3866 ραμένους,
510 3800 607 3851 καὶ
634 3786 703 3854 τὰ
735 3799 1014 3868 φθάσαντα
1041 3804 1441 3874 κατορθώματα
1472 3808 1571 3875 τῆς
1598 3805 1751 3860 ὔστε-

179 3904 282 3956 ρον
308 3888 577 3957 ἐσομένης
611 3892 766 3962 νίκης
799 3892 1056 3964 ἐνέχυρον
1100 3892 1259 3952 εἶναι.
1297 3899 1405 3968 Τῆς
1441 3898 1497 3951 δὲ
1537 3898 1753 3969 βεϐαιου

177 3994 373 4049 τητος,
421 3982 518 4032 καὶ
561 3982 654 4035 τοῦ
688 3983 761 4055 μὴ
794 3985 904 4041 τῶν
936 3986 997 4050 ἐξ
1028 3987 1204 4059 ἀρχῆς
1235 3990 1592 4061 ἐγνωσμένων
1621 3992 1746 4059 ἀφί-

181 4071 445 4139 στασθαι,
476 4073 576 4126 οὐκ
596 4071 693 4128 οἷδ’
724 4078 879 4140 εἴτις
914 4079 1048 4145 πρὸς
1066 4082 1155 4134 τὸν
1182 4081 1420 4151 πόλεμον
1456 4086 1753 4149 ἀναγκαιο-

177 4162 353 4233 τέραν
387 4163 695 4221 συντέλεῐαν
732 4169 969 4245 ἡγεῖται.
1023 4171 1110 4233 Ὠς
1142 4172 1202 4224 τό
1230 4188 1290 4240 γε
1341 4172 1501 4241 ἔργον
1536 4174 1750 4243 ἁψαμέ-

180 4267 312 4312 νους
350 4252 604 4305 ἀπειπεῖν
638 4254 745 4324 πρὸ
798 4256 890 4308 τοῦ
926 4257 1112 4320 τέλους
1138 4259 1287 4312 οὐδὲν
1312 4258 1496 4329 ἕτερόν
1526 4264 1693 4323 ἐστιν,
1719 4262 1751 4330 ἢ

182 4339 330 4405 σφᾶς
356 4338 553 4401 αὐτοὺς
582 4340 913 4407 προδιδόναι,
944 4344 1037 4396 καὶ
1090 4344 1208 4396 καθ’
1244 4346 1401 4413 ἡμῶν
1435 4349 1561 4409 τοὺς
1601 4347 1756 4399 πολε-

1852 3155 2119 3212 trectent;
2146 3147 2291 3216 quod
2317 3149 2403 3202 vix
2451 3149 2645 3219 aliquis
2677 3168 2774 3222 pro
2811 3157 3042 3210 maxime
3088 3158 3413 3216 necessariis

1852 3254 2087 3307 unquam
2142 3239 2299 3294 facile
2348 3252 2649 3310 exspectet.
2696 3244 2838 3310 Quin
2889 3257 2943 3301 et
2972 3249 3318 3306 multitudine
3358 3268 3413 3307 et

1852 3330 2076 3384 audacia
2109 3334 2435 3402 animisque,
2469 3318 2533 3388 ac
2575 3329 2651 3390 rei
2705 3337 3136 3408 bellicanperitia
3164 3343 3415 3401 Barbaris

1853 3432 2111 3490 praestare
2145 3435 2385 3493 oportet,
2422 3438 2479 3480 ut
2514 3427 2613 3496 ipsi
2650 3430 2943 3499 peregrini,
2974 3432 3027 3485 in
3052 3449 3145 3487 sua
3174 3436 3410 3503 ipsorum

1854 3513 2073 3585 regione
2128 3528 2436 3588 pugnantes
2478 3519 2599 3573 illos
2654 3522 2850 3575 victuri
2886 3517 3015 3589 sint,
3056 3542 3119 3581 ac
3174 3528 3418 3585 victoriis

1852 3616 2104 3663 assuetos
2154 3608 2208 3662 in
2261 3608 2439 3679 fugam
2504 3612 2733 3666 versuri.
2765 3615 2843 3668 Ad
2906 3616 3022 3671 haec
3072 3620 3197 3673 item
3237 3630 3297 3674 ut
3347 3639 3415 3676 ne

1858 3696 2093 3767 primum
2149 3697 2281 3751 illud
2332 3700 2403 3753 sit
2450 3702 2851 3768 congressionis
2908 3704 3173 3759 adversus
3231 3707 3419 3763 hostes

1858 3786 2111 3849 initium;
2148 3787 2240 3841 sed
2274 3795 2330 3840 et
2355 3788 2463 3857 jam
2501 3789 2685 3841 talium
2738 3792 3041 3859 periculum
3078 3793 3327 3862 fecerint,
3353 3814 3418 3852 ac

1856 3878 2059 3947 quibus
2110 3878 2312 3947 prioria
2346 3878 2605 3944 facinora,
2632 3880 2825 3936 futura:
2872 3885 3113 3940 vietorie
3154 3889 3419 3944 exsistant

1858 3970 2072 4039 pignus.
2124 3972 2442 4026 Constantia
2498 3982 2705 4038 autem,
2765 3985 2821 4029 et
2875 3987 2934 4029 ut
2975 3994 3041 4032 ne
3096 3979 3264 4035 abiis
3302 3998 3421 4049 qua:

1858 4058 2017 4119 initio
2054 4062 2163 4116 visa
2212 4075 2362 4126 sunt,
2425 4065 2765 4130 recedamus,
2809 4068 2952 4121 haud
3013 4071 3137 4123 novi
3191 4088 3258 4126 an
3298 4072 3422 4140 quis

1856 4148 1986 4213 quid
2022 4151 2389 4205 necessarium
2417 4153 2590 4221 magis
2611 4156 2886 4210 existimet
2917 4157 2983 4211 ad
3013 4157 3138 4211 belli
3172 4176 3423 4213 consum-

1864 4238 2173 4293 nationem.
2224 4240 2395 4312 Atque
2458 4244 2614 4308 adeo,
2674 4256 2731 4299 ut
2790 4264 2903 4301 rem
2963 4238 3255 4317 auspicati,
3296 4261 3421 4306 ante

1861 4328 2021 4382 linem
2078 4332 2318 4385 animum
2394 4333 2867 4404 despondeamus,
2922 4339 3066 4394 haud
3130 4340 3275 4394 aliud
3332 4343 3421 4408 sit,

183 4431 350 4501 μίους
380 4431 869 4502 προσπαροξύνειν.
908 4435 1013 4487 Καὶ
1043 4436 1147 4507 μὴν
1177 4436 1330 4489 οὐδέν
1362 4440 1507 4490 ἐστιν
1536 4442 1615 4502 εἰς
1646 4440 1671 4491 ὃ
1699 4458 1743 4493 τι

1859 4435 2022 4489 quam
2058 4432 2117 4476 ut
2141 4439 2241 4477 nos
2278 4424 2378 4493 ipsi
2412 4426 2727 4496 prodamus,
2764 4430 3055 4501 hostesque
3079 4432 3133 4485 in
3170 4447 3266 4485 nos
3300 4433 3424 4484 irri-

177 4523 394 4577 τούτων
441 4524 657 4595 ικάστῳ
723 4526 1060 4596 χρησόμεθα,
1122 4530 1418 4599 χρημάτων
1470 4532 1751 4584 ἀπόντων

183 4614 519 4682 μᾶλλον,δὲ
575 4614 649 4684 μὴ
714 4615 979 4669 πλείστων
1045 4620 1347 4688 παρόντων.
1419 4620 1588 4673 Τοῦτο
1650 4624 1755 4691 γάρ

181 4704 364 4765 ἐστιν,
434 4692 496 4753 οὗ
545 4701 733 4770 σχεδδν
788 4703 1004 4756 πάντων
1071 4707 1304 4773 μάλιστα
1372 4707 1484 4771 δεῖ,
1539 4710 1631 4761 καὶ
1685 4702 1757 4760 ὧν

180 4794 296 4846 οὐκ
324 4791 575 4861 ἀφθόνως
621 4795 1007 4864 ἐπιρρεόντων,
1057 4797 1269 4867 ἀνάγκη
1324 4799 1440 4867 μετ’
1498 4799 1757 4868 αἰσχύνης

183 4886 515 4955 ἀναχωρεῖν.
542 4886 633 4936 Δεῖ
665 4886 728 4953 δὴ
769 4887 1037 4938 πλουσίων
1076 4889 1207 4957 ἡμῖν
1240 4890 1333 4940 καὶ
1364 4890 1756 4960 μεγαλοψύχων

184 4975 524 5046 συμμάχων,
580 4974 640 5026 ού
685 4974 752 5026 τὰ
780 4974 918 5027 ὅπλα
952 4976 1133 5043 μόνον,
1165 4977 1298 5031 ἀλλά
1329 4979 1422 5030 καὶ
1464 4980 1585 5039 τοὺς
1619 4979 1759 5031 οἴκοι

182 5065 508 5134 θησαυροὺς
549 5063 686 5133 ὑπὲρ
714 5063 870 5132 ἡμῶν
921 5065 1218 5134 τιθεμένων
1244 5082 1258 5097 ·
1294 5068 1389 5121 καὶ
1420 5067 1571 5121 ταῦθ’
1605 5068 1759 5136 ὑμῶν

184 5155 325 5229 μηδ’
355 5156 711 5226 ὀϐολὸν.μήτε
760 5157 1072 5226 δυναμένων
1113 5160 1238 5228 μήτ’
1262 5160 1390 5221 ἴσως
1423 5158 1761 5228 βουλομένων

181 5246 340 5317 ὑπὲρ
375 5246 484 5299 τῶν
527 5247 869 5317 πραγμάτων
922 5248 1185 5317 προέσθαι
1206 5264 1220 5279 ⁸
1252 5250 1462 5301 τοσοῦτ’
1493 5253 1760 5319 ἀπεσχόνο

179 5338 311 5393 των
341 5336 567 5407 μισθοὺς
609 5338 846 5402 τελέσαι,
890 5340 982 5393 καὶ
1030 5339 1126 5407 τὴν
1177 5340 1344 5409 ἀλλην
1376 5342 1469 5393 τοῦ
1520 5342 1755 5410 πολέμου

180 5430 547 5497 κατασκευὴν
569 5431 901 5499 ἐκπορίζειν.

274 5523 345 5575 ’Δ
376 5522 475 5590 μὲν
503 5520 685 5573 τοίνυν
720 5516 845 5583 τοὺς
878 5525 1011 5593 ἡμῖν
1048 5524 1582 5593 συνεπιληψομένους
1618 5527 1759 5595 ἔχειν

182 5610 484 5681 προσήκει,
512 5608 605 5660 καὶ
645 5608 765 5675 μεθ’
788 5609 915 5661 οἴων
946 5612 1052 5665 τῶν
1083 5630 1140 5665 τε
1170 5612 1335 5681 τύχης
1364 5613 1455 5663 καὶ
1480 5612 1586 5663 τῶν
1611 5612 1760 5678 παρά

183 5704 305 5771 τῆς
358 5698 553 5771 ἀρετῆς
603 5696 843 5763 ἀγαθῶν.
910 5700 1051 5769 ὑπὲρ
1113 5702 1270 5771 ἡμῶν
1334 5702 1754 5765 κινδυνεύσουσι,

443 5794 709 5852 Puncta
742 5791 857 5851 (in.
906 5790 1107 5853 CLIV.

1864 4520 2058 4565 tcmus.
2098 4513 2165 4566 At
2195 4530 2371 4583 neque
2401 4520 2639 4586 suppetit
2680 4536 2788 4587 quo
2830 4521 3021 4573 horum
3048 4537 3265 4589 quoque
3302 4532 3422 4575 uta-

1861 4618 2003 4666 mur,
2063 4606 2107 4658 si
2173 4611 2416 4673 pecuniae
2472 4610 2670 4674 desint,
2708 4613 2816 4665 imo
2866 4600 2983 4667 'nisi
3019 4614 3200 4669 adsint
3257 4619 3424 4669 multa

1860 4695 2048 4762 copia;
2102 4695 2205 4749 hoc
2265 4698 2412 4750 enim
2470 4709 2555 4753 est
2613 4717 2722 4769 quo
2766 4702 2877 4755 fere
2910 4702 3153 4757 omnium
3191 4705 3429 4757 maxime

1862 4802 1999 4857 opus
2029 4797 2149 4856 est,
2186 4806 2248 4845 ac
2278 4793 2475 4861 quibus
2529 4810 2635 4847 non
2671 4798 2887 4850 aliunde
2920 4783 3289 4860 afﬂuentibus,
3333 4816 3427 4851 ne-

1858 4895 2011 4935 cesse
2072 4883 2143 4936 sit
2208 4883 2468 4937 confusos
2524 4888 2797 4940 recedere.
2847 4889 3034 4956 Itaque
3087 4889 3427 4944 necessarios

1863 4970 2127 5024 habemus
2182 4972 2381 5026 divites
2430 4987 2493 5025 ac
2547 4974 2865 5043 magniﬁcos
2920 4978 3275 5042 auxiliarios,
3333 4994 3426 5046 qui

1862 5062 2063 5115 nedum
2096 5077 2267 5125 arma,
2291 5064 2384 5117 sed
2420 5076 2471 5118 et
2495 5064 2783 5119 thesauros
2823 5066 2968 5120 domi
3004 5068 3272 5136 repositos
3303 5083 3429 5136 pro-

1862 5163 1981 5220 pter
2006 5168 2106 5206 nos
2155 5164 2359 5222 ponant
2396 5174 2408 5209 :
2449 5156 2609 5224 idque
2639 5172 2762 5211 cum
2797 5173 2912 5223 vos,
2938 5174 3006 5211 ne
3060 5158 3275 5211 obolum
3303 5160 3427 5227 qui-

1861 5242 1981 5295 dem
2038 5244 2293 5310 possitis.
2343 5260 2405 5298 ac
2466 5244 2605 5299 forte
2662 5246 2845 5299 nolitis
2897 5245 3211 5314 reipublic;
3267 5262 3425 5299 causa

1860 5329 2179 5397 effundere;
2219 5341 2427 5386 tantum
2458 5334 2628 5395 abest,
2668 5344 2725 5387 ut
2755 5334 2967 5387 solvere
3009 5334 3335 5395 mercedem.
3367 5350 3428 5386 ac

1863 5424 2131 5490 reliquum
2175 5425 2298 5477 belli
2341 5435 2658 5493 apparatum
2688 5435 2968 5492 prazstare.

1934 5513 2056 5569 llam
2108 5517 2389 5569 enimvero
2446 5517 2647 5592 quibus
2703 5528 2926 5572 ornatos
2977 5523 3224 5585 Oporteat
3285 5529 3427 5580 esse,

1862 5610 1952 5677 qui
1995 5608 2292 5663 nobissiut
2351 5608 2569 5661 allaturi
2603 5624 2783 5677 opem,
2834 5624 3005 5677 caque
3036 5610 3151 5660 fere
3185 5622 3287 5675 qua
3313 5606 3425 5658 for-

1864 5710 2029 5763 tunae,
2089 5714 2193 5766 qua
2243 5697 2459 5752 virtutis
2528 5699 3065 5768 bona,,quibuscum
3114 5712 3211 5765 pro
3274 5698 3428 5750 nobis

3032 5791 3104 5850 31
