4166 6330
752 350 865 410 975

1986 334 2360 398 DEMETRII
2420 335 2728 397 CYDONII

3890 330 4007 393 976

763 455 983 527 quidem
1017 453 1316 511 Trinabum
1376 452 1649 518 muniunt,
1680 450 1896 519 aliaque
1924 449 2161 504 obsessa:
2204 448 2325 507 urbi

2435 465 2535 502 των
2564 447 2671 515 γάρ
2694 445 3115 517 καθῃρημένων,
3135 443 3398 514 Τρίναϐον
3428 445 3523 512 μὲν
3547 444 3648 514 ήδη
3671 443 4006 513 τειχίζουσι,

748 548 1019 619 praesidio
1070 547 1255 600 futura
1284 544 1573 607 inducunt,
1604 541 1683 596 sic
1732 539 1944 610 liquido
1974 541 2116 609 quod
2149 540 2323 595 inter-

754 642 901 713 jacet
928 639 1201 724 Mysorum
1226 645 1309 691 est
1347 634 1557 704 praeda,
1603 630 1825 686 Barbari
1861 639 2070 693 autem,
2094 630 2325 685 liberius

759 746 955 787 eorum
1013 729 1273 785 invadent
1319 740 1511 787 terras,
1544 739 1707 795 quam
1736 724 1918 778 colant
1955 736 2117 783 suas,
2145 738 2326 777 nunc-

763 837 869 892 que
910 822 1044 876 alias
1098 820 1198 889 ipsi
1263 826 1513 889 quaerunt
1561 816 1737 883 sedes,
1785 824 2043 883 tanquam
2083 812 2220 867 nihil
2257 811 2325 867 ab

765 915 1006 971 hostium
1032 914 1252 969 sedibus
1280 927 1408 967 suas
1436 911 1659 966 ditl‘erre
1686 908 1935 965 credant.

833 1095 1017 1149 Hosne
1035 1107 1188 1161 ergo,
1215 1106 1347 1157 rogo
1376 1098 1448 1152 te,
1480 1088 1606 1143 belli
1637 1088 1814 1142 socios
1845 1084 2087 1140 vocaturi
2113 1098 2326 1150 sumus,

758 1185 961 1255 quibus
1007 1184 1051 1237 si
1096 1180 1227 1250 quid
1260 1179 1416 1234 nobis
1457 1177 1739 1232 infortunii
1780 1175 2007 1239 accidat,
2040 1172 2327 1228 commodo

760 1276 833 1328 sit
871 1288 1183 1333 cessmum,
1225 1285 1469 1339 quosque
1524 1268 1679 1321 malis
1726 1266 1953 1328 nostris,
1983 1279 2173 1318 omnes
2204 1278 2329 1333 pro-

760 1350 947 1422 vectos
1001 1365 1212 1420 sciant?
1259 1364 1527 1418 Caeterum
1591 1360 1720 1430 quid
1768 1374 1830 1412 ea
1875 1356 2025 1411 dixi?
2078 1355 2329 1424 Optimus

761 1459 907 1512 enim
954 1465 1142 1510 noster
1193 1456 1513 1523 imperator,
1538 1461 1661 1520 post
1695 1451 1895 1504 multas
1932 1447 2228 1517 legationes
2266 1461 2329 1500 ac

762 1550 991 1603 collatus
1020 1561 1323 1608 sermones,
1358 1544 1559 1613 quibus
1614 1543 1666 1595 in
1715 1541 1844 1595 belli
1879 1540 2197 1595 societatem
2233 1539 2329 1591 ad-

762 1636 1042 1692 dueendos
1073 1635 1345 1705 sperabat,
1393 1634 1569 1701 ipsum
1613 1632 1805 1693 tilium,
1838 1628 2053 1697 imperii
2084 1627 2327 1680 futurum

761 1742 1161 1787 successorem.
1187 1724 1253 1779 ad
1289 1725 1601 1793 nuptiarum
1648 1722 1850 1775 {mdera
1900 1733 2022 1773 cum
2058 1717 2325 1786 principis

2430 540 2525 591 καὶ
2550 538 2695 593 τᾶλλ’
2734 532 2808 592 ὧν
2861 538 2941 591 δεῖ
2977 538 3087 599 τοῖς
3129 535 3628 605 πολιορκουμένοις,
3676 535 4003 602 είσάγουσι·

2386 628 2389 633 ’
2428 627 2603 690 οὕτως
2631 629 2889 697 ἄντικρυς
2906 627 3108 682 Μυσῶν
3137 626 3254 679 λεία
3278 626 3590 727 τὸμεταξύ.
3615 628 3677 679 Oi
3704 625 3757 678 δὲ
3788 624 4011 695 βάρϐα-

2432 736 2512 789 ροι
2553 719 2689 787 μετὰ
2731 718 2970 782 πλείονος
3000 718 3181 771 ἐπίασι
3205 719 3301 790 τὴν
3334 716 3538 779 ἄύτῶν,
3595 720 3628 787 ἡ
3660 716 3870 771 οίκοῦσι
3894 716 4007 786 τὴν

2429 812 2609 864 αὐτῶν
2632 828 2644 842 ’
2688 814 2782 865 καὶ
2814 811 2907 865 νῦν
2939 812 3105 881 ἀλλην
3142 810 3394 880 ζητοῦσιν
3434 811 3503 880 ἡν
3541 811 3819 877 οἰκήσουσι
3850 808 3965 877 γῆν
3989 824 4005 837 ο

2428 903 2502 965 ὡς
2532 903 2633 971 τὴν
2676 920 2740 970 γε
2776 902 2913 957 ίδίαν
2960 903 3108 956 οὐδὲν
3146 902 3245 971 τῆς
3278 901 3545 971 πολεμίας
3598 899 4007 953 πεπιστεύκασι

2428 993 2730 1062 διαφέρειν.

2500 1086 2733 1148 Τούτους
2754 1088 2952 1148 τοίνυν,
2982 1088 3103 1139 εἰπέ
3158 1104 3268 1155 μοι,
3303 1085 3603 1154 καλέσομεν
3650 1084 4007 1152 συμμάχους»

2428 1174 2529 1241 οἷς,
2550 1178 2613 1231 ἂν
2640 1194 2691 1228 τι
2727 1178 3065 1247 πταίσωμεν,
3086 1176 3303 1247 εὕρημα
3325 1179 3559 1245 γίνεται,
3593 1176 3683 1228 καὶ
3706 1174 3797 1237 οὓς
3822 1174 4010 1228 ἅπαν-

2430 1286 2517 1329 τες
2549 1271 2730 1321 ίσασιν
2790 1272 2853 1323 ἐκ
2884 1270 2991 1322 τῶν
3039 1270 3325 1339 ἡμετέρων
3382 1268 3566 1321 κακῶν
3612 1267 4006 1336 ηύξημένουςς

2432 1361 2623 1412 Καίτοι
2656 1359 2708 1411 τί
2734 1360 2905 1413 ταῦτα
2932 1354 3117 1424 εἷπονς
3173 1360 3231 1412 '0
3259 1359 3367 1428 γὰρ
3397 1360 3571 1411 πάντα
3605 1360 3819 1428 ἄριστος
3848 1357 4010 1426 βασι-

2430 1452 2577 1515 λεὺς,
2602 1454 2629 1503 ὁ
2656 1451 2944 1521 ἡμέτερος,
2970 1451 3130 1519 λέγω,
3162 1452 3301 1518 μετά
3338 1451 3538 1513 πολλὰς
3572 1450 3871 1522 πρεσϐείας
3905 1452 4008 1503 καὶ

2430 1542 2643 1609 λόγους,
2673 1537 2751 1604 οἷς
2776 1541 3005 1612 ἡλπισεν
3035 1545 3229 1606 αὐτοὺς
3255 1545 3333 1606 είς
3358 1547 3457 1614 τὴν
3485 1544 3803 1611 συμμαχίαν
3830 1558 4012 1610 προσ-

2431 1632 2676 1699 άξεσθαι,
2697 1633 2793 1687 καὶ
2818 1633 2908 1686 τὸν
2940 1632 3052 1686 υίὸν
3071 1632 3236 1686 αὐτοῦ
3260 1633 3350 1687 τδν
3392 1634 3511 1703 μετ’
3541 1618 3703 1686 αὑτὸν
3748 1632 4008 1701 βασιλέα,

2430 1726 2528 1796 τὴν
2564 1725 2835 1795 θυγατέρα
2868 1724 2962 1777 τοῦ
2990 1725 3191 1777 Μυσῶν
3212 1725 3469 1794 ἄρχοντος
3502 1725 3782 1794 ἠνάγκασε
3813 1726 4013 1792 γυναῖ-

762 1822 1029 1891 Mysorum
1079 1819 1221 1881 lilia,
1266 1826 1461 1885 putans
1517 1814 1597 1867 sic
1659 1810 2070 1881 pelliciendum,
2128 1807 2327 1876 adegit.

2435 1835 2501 1869 κα
2529 1818 2731 1882 λαϐεῖν,
2764 1816 2935 1887 ταύτῃ
2966 1817 3167 1885 μᾶλλον
3182 1817 3426 1885 οἰόμενος
3459 1817 3622 1870 αύτδν
3646 1817 4008 1884 ἐφέλκεσθαι.

763 1912 926 1980 Atqui
965 1911 1147 1963 sciunt
1179 1923 1395 1966 omnes.
1444 1921 1604 1973 quam
1641 1905 1745 1957 hoc
1793 1903 2130 1971 coniugium,
2155 1900 2329 1968 impe-

758 2004 929 2057 ratori
1015 2001 1236 2069 quidem
1304 1998 1561 2052 dedecori
1638 1996 1841 2060 fuerit,
1892 2010 1953 2054 ac
2004 1993 2327 2063 abjectioni,

762 2066 1047 2165 quamque
1071 2093 1147 2146 illi
1182 2090 1366 2159 gloriae
1397 2104 1458 2143 ac
1504 2087 1804 2157 splendori.
1841 2086 2051 2155 Ergone
2082 2092 2227 2138 tanta
2263 2084 2331 2138 ab
2376 2066 2379 2071 ’

764 2188 1095 2254 imperatore
1122 2183 1294 2251 gratia
1326 2181 1536 2238 donati.
1564 2178 1781 2233 reveriti
1814 2186 1940 2232 sunt
1980 2175 2329 2240 beneficium,

767 2292 829 2331 ac
855 2276 937 2329 vel
974 2275 1261 2327 minimum
1314 2272 1445 2341 quid
1492 2272 1560 2323 ad
1601 2267 2064 2324 remunerationis
2094 2266 2331 2336 speciem

766 2368 1021 2421 conferre
1052 2364 1398 2433 cogitarunt?
1430 2360 1582 2415 Haud
1620 2361 1779 2429 plane
1810 2378 1823 2413 :
1861 2358 2073 2413 tametsi
2097 2357 2332 2411 necdum

768 2458 1054 2512 conciliata
1089 2455 1368 2519 ailinitate,
1397 2454 1578 2509 omnia
1616 2453 2045 2521 pollicebantur;
2076 2466 2139 2505 ac
2170 2458 2332 2519 quot-

769 2556 901 2616 quot
937 2546 1199 2615 promissa
1241 2542 1581 2597 ﬁrmantibus
1620 2556 1811 2596 eorum
1849 2540 2207 2594 sacramentis
2240 2537 2337 2590 ud-

769 2637 1033 2692 bibcbant
1079 2636 1342 2699 animum,
1374 2634 1639 2701 optimum
1676 2631 1862 2685 iniisse
1915 2629 2202 2683 consilium
2238 2630 2336 2683 im-

771 2737 1079 2795 peratorem
1134 2724 1487 2778 amrmarent.
1536 2722 1829 2776 Enimvero
1866 2736 1987 2775 cum
2042 2723 2336 2774 necessitas

768 2823 1012 2875 vocaret,
1070 2827 1137 2865 ne
1196 2811 1400 2869 navim.
1461 2824 1530 2862 ne
1587 2810 1846 2878 equitem,
1908 2824 1976 2863 ne
2034 2809 2334 2877 simplicem

769 2898 1024 2960 militem,
1057 2911 1125 2949 ne
1162 2910 1327 2949 unum
1382 2894 1602 2948 obolum
1660 2896 2005 2964 protulerunt
2046 2912 2057 2945 :
2100 2898 2230 2963 quin
2265 2895 2337 2948 ita

766 2989 826 3043 in
861 2989 1021 3041 ﬁnem
1053 3002 1222 3056 usque
1272 2986 1516 3055 improbe
1544 2984 1646 3039 sibi
1686 2985 1955 3053 agendum
1986 2992 2333 3053 putaverunt,

771 3092 835 3135 ut
886 3096 1008 3135 cum
1066 3082 1359 3148 imperator
1432 3078 1484 3131 in
1549 3077 1820 3147 Illyricum
1878 3090 1939 3130 ac
2004 3076 2335 3129 Pannoniam

770 3171 1038 3242 proﬁcisci
1068 3170 1419 3232 decrevisset,
1470 3170 1689 3237 ipseque
1725 3184 1822 3235 per
1868 3167 2013 3221 viros
2072 3166 2332 3221 inducere

773 3270 835 3314 ut
886 3259 1213 3313 vindicando
1270 3259 1467 3311 auxilia
1542 3257 1767 3323 darent;
1830 3259 2064 3327 primum
2113 3257 2331 3327 quidem

774 3350 849 3403 illi
887 3349 1021 3402 nihil
1056 3364 1161 3402 non
1193 3348 1483 3413 moverint,
1514 3348 1713 3417 quibus
1743 3348 1810 3401 ab
1838 3349 2101 3418 ejusmodi
2128 3350 2333 3417 optimo

772 3441 1004 3495 consilio
1060 3440 1447 3493 retrahendum
1506 3447 1790 3506 sperarent
1828 3455 1843 3491 :
1877 3438 1970 3491 ubi
2020 3445 2200 3491 autem
2235 3439 2336 3490 mi-

773 3531 919 3584 nime
980 3531 1381 3600 persuasissent
1430 3530 1723 3583 annuerint
1780 3529 2022 3597 quidem,
2072 3544 2133 3583 ac
2193 3537 2335 3582 recte

773 3619 975 3673 habere
1011 3619 1154 3687 quod
1183 3620 1487 3672 consultum
1527 3628 1673 3672 esset
1702 3617 1826 3671 fassi
1858 3617 2004 3680 sint;
2038 3631 2200 3685 quam
2224 3617 2335 3671 cito

778 3723 959 3765 tamen
1024 3726 1159 3779 quas
1211 3710 1337 3763 inde
1397 3709 1641 3763 licuisset
1700 3708 2061 3762 adduc‘entem
2130 3707 2333 3775 copias,

777 3801 977 3854 reverti
1015 3799 1360 3863 tnonuerint;
1389 3798 1533 3867 quod
1568 3796 1836 3866 reliquum
1884 3796 2163 3850 videretur
2185 3795 2335 3864 adje-

776 3902 963 3944 cturos
992 3906 1071 3951 se,
1104 3906 1166 3944 ac
1204 3892 1413 3943 alacres
1446 3884 1631 3942 sociali
1668 3888 1809 3941 bello
1844 3886 2077 3949 futuros,
2107 3874 2337 3955 ejusque

778 3982 950 4047 gratia
1000 3980 1134 4033 nihil
1187 3995 1293 4033 non
1332 3979 1637 4034 molituros.
1663 3980 1837 4047 Atque
1866 3977 1981 4032 haec
2012 3977 2229 4047 quidem
2262 3977 2339 4030 illi

764 4072 1193 4140 pollicebantur.
1224 4072 1366 4125 Num
1398 4079 1580 4124 autem
1611 4071 1791 4125 verbis
1824 4085 1911 4125 res
1936 4069 2337 4139 responderint.

778 4173 928 4214 certo
959 4177 1120 4215 nosse
1156 4162 1301 4225 licet,
1326 4178 1390 4214 ex
1424 4161 1491 4215 iis
1518 4175 1634 4230 qua:
1660 4160 1994 4214 acciderunt.
2021 4158 2157 4213 Olim
2190 4158 2335 4213 enim

780 4251 1001 4305 Barbari
1032 4254 1284 4308 veniente
1336 4253 1660 4320 imperatore
1693 4266 1882 4320 paruas
1910 4250 2204 4316 dedissent,
2231 4250 2335 4305 nisi

780 4341 861 4395 illi
895 4342 1058 4395 sociis
1111 4357 1173 4395 ac
1220 4338 1689 4395 commilitonibus
1721 4338 1837 4391 vias
1884 4336 2335 4399 interclusissent,

2435 1907 2615 1960 Καίτοι
2654 1908 2852 1969 πάντες
2888 1908 3088 1973 ίσασιν,
3120 1910 3249 1979 ὅσην
3290 1909 3319 1961 ὁ
3352 1908 3528 1976 γάμος
3558 1902 3710 1971 οὗτος
3737 1909 3814 1975 τῷ
3845 1908 4011 1975 βασι-

2433 1998 2514 2049 λεῖ
2542 1998 2641 2065 μέν
2665 1997 2883 2063 ἀδοξίαν
2917 1999 3009 2050 καὶ
3032 1998 3625 2067 ταπεινότητα,ἐκείνῳ
3654 1997 3713 2049 δέ
3744 1997 4011 2049 εύκλειαν

2434 2088 2684 2155 ἡνεγκεν.
2718 2083 2845 2157 'Ap‘
2874 2086 2966 2138 οὖν
2996 2088 3251 2156 τοιαύτης
3290 2088 3473 2150 αὐτοῖς
3494 2090 3716 2156 χάριτος
3735 2090 3827 2142 τοῦ
3849 2086 4011 2153 βασι-

2434 2179 2566 2239 λέως
2605 2178 2969 2249 ὑπάρξαντος,
2998 2178 3345 2249 ᾐσχύνθησαν
3376 2180 3473 2245 τὴν
3508 2180 3851 2247 εὐεργεσίαν,
3909 2177 4010 2230 καί

2433 2284 2484 2318 τι
2516 2270 2610 2323 καὶ
2637 2269 2765 2334 παρ’
2814 2268 2992 2319 αύτῶν
3035 2266 3222 2336 σχῆμα
3259 2266 3387 2334 γοῦν
3416 2268 3653 2336 ἀμοιϐῆς
3691 2268 3814 2336 ἔχον
3844 2268 4010 2333 γενέ-

2438 2356 2561 2410 σθαι
2615 2358 3001 2428 διενοήθησανς
3037 2356 3322 2425 Οὐδαμῶς.
3384 2360 3577 2410 Καίτοι
3615 2358 3717 2427 πρὸ
3751 2358 3850 2425 τῆς
3903 2374 4010 2423 κη-

2434 2453 2581 2515 δείας
2610 2452 2769 2504 πάνθ’
2818 2448 3178 2519 ὑπισχνοῦντο
3199 2464 3211 2479 ο
3260 2449 3352 2501 καὶ
3386 2450 3582 2511 πάντες
3614 2452 3694 2511 είς
3736 2449 3823 2511 οὓς
3857 2450 4009 2518 ὑπὲρ

2435 2543 2642 2595 τούτων
2692 2540 2949 2609 ὤμνυσαν
3006 2540 3202 2608 ὅρκους
3252 2539 3506 2609 ὁρῶντες,
3538 2539 3718 2602 καλῶς
3759 2539 4012 2607 ἔφασκον

2440 2630 2819 2701 βεϐουλεῦσθαι
2843 2630 2936 2684 τὸν
2968 2629 3211 2697 βασιλέα.
3256 2630 3416 2682 Ἀλλά
3445 2630 3543 2698 τῆς
3574 2630 3762 2699 χρείας
3808 2629 4012 2682 καλού-

2440 2738 2559 2790 σης,
2604 2721 2661 2771 ού
2713 2718 2879 2783 ναῦν,
2910 2718 3009 2785 οὐχ
3045 2718 3238 2780 ίππέα,
3273 2716 3369 2787 οὐχ
3414 2718 3641 2786 ὁπλίτην
3683 2716 3859 2786 ψιλδν,
3905 2718 4013 2772 οὐκ

2437 2808 2619 2862 ὀϐολὸν
2652 2810 2747 2861 ἕνα
2780 2809 3025 2878 προεῖντο
3050 2821 3064 2835 ·
3093 2806 3206 2859 ἀλλ’
3235 2805 3379 2859 οὕτω
3406 2806 3495 2861 διά
3523 2806 3709 2869 τέλους
3742 2809 4009 2877 ἀγνωμο-

2438 2905 2547 2954 νεῖν
2575 2900 2741 2971 ᾤοντο
2768 2900 2899 2964 δεῖν,
2925 2899 2998 2961 ὡς
3048 2901 3141 2952 καὶ
3170 2899 3264 2951 τοῦ
3297 2898 3561 2967 βασιλέως
3588 2900 3674 2952 ἐπ’
3702 2900 4013 2968 Ἰλλυριοὺς

2439 2994 2531 3045 καὶ
2587 2992 2817 3053 Παίονας
2852 2990 3152 3059 ἀποδημεῖν
3186 2992 3505 3058 ἐγνωκότος,
3562 2992 3658 3043 καὶ
3691 2992 3757 3044 δι’
3802 2992 4011 3045 ἐαυτοῦ

2435 3081 2649 3133 πείθειν
2689 3078 3092 3149 ἐπιχειροῦντος
3123 3078 3353 3151 ἀμύνειν
3390 3078 3561 3148 αὐτῷ,
3593 3080 3743 3131 α’ύτοὶ
3780 3080 4014 3147 πρῶτον

2440 3173 2538 3243 μέν
2574 3170 2728 3222 πάντ’
2760 3161 2992 3231 ἐκίνουν,
3026 3169 3099 3221 δι’
3123 3164 3196 3223 ὧν
3224 3167 3449 3238 ἡλπιξον
3477 3168 3641 3221 αὐτὸν
3668 3170 4016 3238 ἀποστήσειν

2433 3264 2541 3315 τῶν
2575 3261 2753 3324 καλῶς
2787 3261 3139 3328 ἐγνωσμένων
3164 3278 3175 3293 ·
3228 3259 3301 3323 ὼς
3330 3260 3372 3313 δ’
3408 3261 3507 3313 οὐκ
3546 3260 3781 3322 ἔπειθον,
3817 3263 4009 3315 ἐνδόνο

2434 3370 2544 3418 τες,
2578 3355 2671 3406 καὶ
2703 3352 2881 3413 καλῶς
2910 3351 3053 3419 ἔχειν
3085 3350 3333 3413 είπόντες
3351 3352 3423 3404 τὰ
3456 3351 3875 3420 βεϐουλευμένα,
3903 3354 4015 3423 τὴν

2434 3442 2692 3508 ταχίστην
2730 3439 3089 3506 ἀναστρέφειν
3126 3436 3419 3505 παρῄνουν,
3480 3438 3612 3508 ὅσην
3666 3440 3732 3492 ἂν
3775 3440 4017 3508 δύνηται

2434 3531 2665 3598 δύναμιν
2696 3528 3064 3597 ἐπαγόμενον·
3108 3528 3205 3596 τὴν
3233 3528 3287 3579 δέ
3320 3529 3511 3597 λοιπὴν
3544 3530 3876 3599 προσθήσειν
3907 3535 4017 3587 αὑ-

2436 3624 2582 3685 τοὺς,
2615 3623 2708 3674 καὶ
2752 3619 3334 3690 συμπροθυμήσεσθαι,
3398 3622 3493 3673 καὶ
3538 3621 3713 3673 πάντα
3769 3625 4017 3691 πράξειν

2436 3714 2575 3783 ὑπὲρ
2606 3714 2791 3767 αὑτοῦ.
2849 3711 3033 3766 Ταῦτα
3068 3711 3164 3780 μὲν
3207 3706 3344 3785 ἦσαν
3379 3714 3435 3763 ἐν
3479 3706 3558 3772 οἷς
3606 3714 4011 3781 ὑπισχνοῦντο·

2436 3806 2485 3858 εί
2512 3805 2555 3856 δ’
2587 3800 2666 3867 οἷς
2693 3805 2898 3871 ἐλεγον,
2931 3805 3027 3856 καὶ
3046 3803 3112 3853 τὰ
3143 3804 3251 3855 ἀπὸ
3279 3802 3384 3854 τῶν
3408 3804 3747 3871 πραγμάτων
3778 3808 4014 3875 συνέϐη,

2438 3894 2644 3959 ἔξεστιν
2678 3894 2739 3945 ἐκ
2772 3894 2878 3945 τῶν
2897 3891 3213 3944 ἀποϐάντων
3237 3892 3332 3959 τὴν
3351 3893 3655 3962 μαρτυρίαν
3678 3894 4013 3963 λαμϐάνειν.

2441 3985 2613 4037 Πάλαι
2645 3983 2751 4052 γὰρ
2770 3984 2832 4035 ἂν
2862 3982 3015 4051 δίκην
3041 3981 3225 4034 ἔδοσαν
3257 3984 3305 4033 oi
3327 3982 3589 4051 βάρϐαροι
3617 3984 3711 4036 τοῦ
3738 3986 4018 4053 βασιλέως

2440 4062 2791 4133 ἐλθόντοςξεί
2828 4068 2901 4140 μὴ
2952 4073 3062 4131 τοῖς
3116 4071 3424 4138 συμμάχοις
3478 4064 3623 4124 οὗτοι
3670 4072 3766 4136 τάς
3800 4074 4016 4138 διόδους

2442 4160 2795 4222 ἀπέκλεισαν,
2853 4160 2943 4211 καὶ
2995 4160 3118 4220 τοὺς
3177 4158 3485 4229 βαρϐάρους
3519 4162 3651 4229 ἡμῖν
3685 4162 3780 4215 τοῦ
3811 4165 4017 4234 θέροδς

2441 4252 2740 4321 ἐπήγαγον,
2764 4250 2949 4301 οὐδένα
2983 4248 3165 4301 λοιπὸν
3190 4249 3447 4311 δεδιότας.
3478 4250 3631 4302 Ὣστ*
3659 4254 3713 4305 εῖ
3730 4270 3815 4316 τις
3844 4256 4016 4325 ἄχθε-

2441 4358 2530 4391 ται
2563 4340 2672 4399 τοῖς
2704 4339 2965 4407 παροῦσι,
3004 4339 3215 4401 τούτοις
3273 4340 3370 4407 τὴν
3435 4342 3615 4393 αἰτίαν
3657 4344 3765 4395 τῶν
3818 4348 4020 4398 κακῶν

780 4430 944 4498 inque
1005 4444 1104 4483 nos
1158 4440 1364 4494 astate,
1418 4428 1556 4481 nihil
1609 4430 1719 4496 jam
1779 4431 2029 4481 timentes
2072 4424 2334 4479 Barbaros

2446 4429 2759 4498 λογιζέσθω.
2800 4430 2963 4490 Ὠςιεί
2993 4428 3042 4495 γ’
3073 4430 3329 4498 ἐμμένειν
3374 4425 3518 4483 οὗτοι
3548 4435 3657 4494 τοῖς
3689 4435 4019 4505 ὑπεσχημέ-

778 4523 1154 4576 immisissent.
1178 4520 1541 4587 Quamobrem
1570 4520 1613 4573 si
1650 4520 1772 4589 quis
1808 4534 1988 4573 rerum
2024 4527 2341 4587 praesentem

779 4624 982 4673 statum
1030 4615 1257 4666 moleste
1311 4612 1497 4675 habet.
1532 4612 1797 4666 malorum
1832 4612 1913 4665 eis
1951 4611 2181 4678 imputet
2217 4623 2345 4661 eau-

781 4718 919 4755 sam.
944 4703 1122 4770 Atque
1155 4700 1318 4764 adeo,
1354 4701 1506 4753 utilli
1541 4700 1839 4754 voluissent
1867 4700 2147 4769 promissis
2177 4708 2341 4760 stare,

781 4807 891 4845 non
931 4791 1103 4845 modis
1127 4790 1380 4845 omnibus
1414 4804 1499 4843 res
1527 4789 1859 4844 confundere
1885 4805 1945 4843 ac
1972 4789 2342 4859 pessumdare,

783 4882 912 4934 olim
954 4896 1055 4934 nos
1098 4896 1127 4932 a
1172 4878 1537 4931 Barbarorum
1590 4879 1788 4949 injuria
1841 4878 2001 4933 liberi
2037 4892 2343 4948 ageremus,

784 4973 1041 5041 omnique
1072 4970 1463 5037 tranquillitate
1502 4962 1663 5025 urbes
1696 4971 2079 5025 incolercmtts.

851 5061 984 5125 Quis
1035 5076 1187 5127 ergo,
1220 5059 1322 5112 nisi
1371 5058 1596 5112 insanus
1648 5069 1751 5121 est.
1788 5062 1870 5114 vel
1912 5060 2186 5113 modicum
2213 5058 2346 5128 quid

778 5155 851 5208 ab
889 5152 997 5205 illis
1040 5151 1362 5219 Speraverit,
1392 5150 1593 5219 quibus
1627 5159 1810 5205 nostra
1864 5152 2023 5213 mala,
2055 5166 2151 5205 sua
2200 5152 2350 5220 ipso-

788 5260 908 5297 rum
967 5245 1140 5296 salute
1191 5242 1585 5296 chariora.sint
1633 5257 1696 5296 ae
1730 5243 2031 5296 studiosius
2084 5241 2348 5310 quaesita?

787 5334 1067 5405 Siquidem
1099 5348 1231 5401 ergo
1281 5342 1341 5387 ut
1394 5332 1623 5404 scythas
1650 5334 1807 5388 nobis
1837 5334 2196 5388 auxiliaturos
2222 5350 2349 5404 spe-

787 5444 991 5491 remus,
1024 5441 1225 5479 vanum
1260 5435 1372 5491 est;
1407 5437 1463 5481 ut
1508 5426 1753 5480 Tribalos
1784 5426 2112 5491 ridiculum;
2147 5436 2208 5481 ut
2238 5426 2348 5497 My-

781 5534 876 5573 sos
903 5519 1038 5571 nihil
1062 5517 1129 5571 ad
1157 5504 1307 5584 spem
1340 5518 1683 5571 commodum
1704 5556 1717 5579 ,
1750 5517 1925 5571 nostri
1957 5531 2088 5571 vero
2114 5532 2345 5585 quorum

787 5608 999 5678 pridem
1036 5606 1207 5661 virtus
1250 5606 1460 5661 defecta
1495 5608 1587 5671 sit,
1617 5607 1763 5659 nulla
1798 5607 1937 5673 natio
1965 5608 2212 5662 habenda
2242 5616 2345 5673 est,

801 5714 963 5769 quem
1005 5700 1254 5768 praesenti
1288 5699 1544 5769 deinceps
1591 5698 1808 5769 negotio
1837 5694 2215 5755 auxiliatorem
2252 5714 2346 5754 vo-

2446 4537 2553 4583 νοις
2589 4520 2895 4580 ἐϐούλοντο,
2943 4521 3035 4571 καὶ
3086 4522 3159 4589 μὴ
3190 4522 3361 4573 πάντα
3390 4522 3588 4592 τρόπον
3645 4528 3877 4593 συγχεῖν
3920 4530 4019 4580 καὶ

2445 4614 2781 4682 διαφθείρειν
2818 4612 2885 4663 τὰ
2920 4612 3235 4681 πράγματα,
3266 4614 3431 4667 πάλαι
3463 4615 3529 4667 ἂν
3579 4616 3738 4683 ἡμεῖς
3768 4615 3877 4683 τῆς
3907 4618 4018 4668 τῶν

2448 4702 2740 4773 βαρϐάρων
2774 4700 2981 4767 ὕϐρεως
3023 4696 3452 4773 ἀπηλλάγμεθα,
3482 4705 3575 4757 καὶ
3625 4703 3746 4771 μεθ’
3774 4705 4017 4778 ἡσυχίας

2446 4795 2542 4858 τὰς
2572 4793 2756 4857 πόλεις
2790 4792 3062 4863 ᾠκοῦμεν.

2518 5064 2612 5127 Τίς
2638 5061 2751 5128 οὖν,
2786 5063 2837 5116 εἴ
2849 5064 2940 5126 ’τις
2971 5060 3047 5131 μὴ
3098 5064 3365 5133 μαίνοιτο,
3397 5060 3619 5132 μέτριον
3659 5062 3733 5115 ἀν
3769 5078 3823 5113 τι
3856 5066 4017 5133 παρά

2446 5136 2653 5207 τούτων
2703 5155 2940 5219 ἐλπίσαι,
2992 5148 3072 5215 οἷς
3120 5153 3190 5205 τά
3222 5152 3461 5222 ἡμέτερα
3512 5152 3657 5205 κακά
3692 5154 3793 5221 τῆς
3826 5154 4021 5207 αὐτῶν

2450 5247 2723 5315 σωτηρίας
2746 5245 2946 5315 μᾶλλον
2970 5244 3357 5309 σπουδάζεταις
3392 5244 3598 5298 Οὐκοῦν
3630 5247 3678 5297 εί
3705 5244 3766 5296 τὸ
3790 5242 4018 5309 Σκύθας

2451 5339 2547 5406 μὲν
2573 5340 2702 5407 ἡμῖν
2729 5338 2942 5406 βοηθεῖν
2972 5337 3159 5402 ἕωλον,
3192 5338 3364 5404 γέλως
3400 5336 3457 5390 δὲ
3486 5338 3517 5405 ἡ
3542 5334 3832 5405 Τριϐαλῶν
3873 5354 4022 5407 συμ-

2451 5430 2644 5497 μαχία,
2698 5428 2995 5479 ἀνέλπιστα
3038 5427 3093 5478 δὲ
3147 5427 3215 5478 τὰ
3246 5426 3475 5491 Μυσῶν,
3522 5427 3669 5497 ἡμᾶς
3705 5424 3752 5477 δ’
3778 5421 3850 5479 αὖ
3893 5428 4021 5481 οὐδὲ

2450 5516 2901 5587 προσλογίζεσθαι
2924 5519 3028 5587 χρὴ
3053 5518 3221 5569 πάλαι
3247 5518 3615 5587 ἀπειρηκότας
3635 5531 3649 5546 ’
3683 5516 3803 5569 τίνα
3822 5518 4025 5571 λοι-τὼν

2450 5608 2749 5676 καλέσομεν
2771 5608 3057 5677 σύμμαχον
3083 5610 3175 5660 ἐπὶ
3198 5608 3267 5661 τά
3295 5611 3569 5678 παρόντας
3619 5607 3693 5661 Οὐ
3710 5607 3818 5677 γὰρ
3840 5609 4023 5679 δήπου

2411 5720 2415 5725 δ
2451 5699 2817 5768 Μασσαγέτας
2852 5699 3155 5769 ἀξιώσομεν
3184 5700 3325 5773 δεῦρ’
3356 5702 3533 5769 ἥκειν,
3576 5701 4027 5769 μετασχὴσοντας
