4166 6330
231 358 336 420 977

1168 364 1450 426 ORATIO
1488 368 1634 427 PRO
1675 368 2031 430 SUBSlDlO
2071 368 2540 430 LATINORUM.

3350 370 3470 433 978'

229 464 591 537 τοῦπολέμου
610 485 621 499 ο
655 470 685 539 ἦ
717 468 849 537 πρὸς
871 471 995 535 τοὺς
1025 472 1121 542 τὴν
1145 474 1248 537 ἔξω
1274 473 1491 543 Στηλῶν
1522 474 1787 527 θάλατταν

1894 478 2242 531 caverimus?
2268 479 2405 532 Num
2439 478 2573 531 forte
2601 473 3055 545 Massagetas‘huc
3082 474 3270 529 adesse
3303 490 3461 545 roga-

227 561 508 623 οξκοῦντας
540 562 830 633 πέμψομεν
868 567 1157 635 πρέσϐεις;
1212 568 1521 637 Συμϐούλου
1554 568 1598 620 δ’
1644 565 1782 621 εἶναι

226 653 291 703 οὐ
338 655 451 715 τοῖς
507 653 605 722 μὲν
641 655 731 707 ὑπ’
760 656 933 710 ἀλλων
968 657 1278 726 λεγομένοις
1318 661 1596 729 ἐπιτιμᾷν,
1628 660 1789 712 αὑτδν

226 743 274 795 δ’
303 742 339 799 ἃ
392 746 627 798 συνοίσει
676 746 750 816 μὴ
793 748 1007 811 λέγειν·
1052 748 1167 801 ἀλλ’
1212 751 1532 803 ἀντειπόντα
1578 751 1689 811 τοῖς
1721 750 1783 801 οὐ

226 835 411 899 καλῶς
440 838 688 890 δοκοῦσιν
735 838 985 908 είρῆσθαι
1034 842 1317 910 πρότερον,
1368 842 1528 893 αὑτὸν
1560 840 1786 909 ὕστερον

224 929 292 995 τῇ
319 926 511 998 γνώμῃ
542 931 787 997 κρατεῖν.
817 930 1008 981 Καίτοι
1047 931 1366 999 ἀντεροῦσιν
1403 933 1451 982 οί
1483 931 1647 1000 μηδὲν
1673 931 1791 982 ἓτε-

229 1034 319 1085 ρον
360 1021 416 1070 ὲν
472 1023 535 1089 τῇ
588 1021 740 1071 πόλει
771 1022 1155 1089 συμϐουλεύειν
1191 1022 1534 1084 σκοποῦντες,
1575 1024 1606 1091 ἢ
1640 1024 1788 1083 ὅπως

222 1111 336 1170 τοῖς
362 1110 435 1178 μὴ
471 1112 535 1163 τὰ
572 1111 815 1164 δοκοῦντ’
846 1114 1026 1176 αὐτοῖς
1057 1115 1306 1180 λέγουσιν
1329 1114 1666 1182 ἀντεροῦσιν.

1892 568 2094 630 bimus,
2126 569 2289 635 inque
2343 569 2465 623 belli
2514 568 2826 622 societatem
2859 565 3093 621 venire?
3125 565 3203 619 vel
3234 565 3455 619 nuntios

1899 657 1962 711 ad
1998 673 2093 721 eos
2137 658 2437 721 mittemus,
2470 658 2562 726 qui
2619 657 2829 711 insulas
2863 672 2926 711 ac
2965 670 3113 709 mare
3162 664 3310 709 extra
3348 654 3456 707 Co-

1890 736 2107 800 lumnas
2164 748 2448 801 habitant?
2482 748 2650 801 Porro
2683 756 2860 799 autem
2900 745 3196 799 consiliarii
3232 745 3321 805 sit,
3344 758 3450 795 non

1905 846 1964 891 ut
1994 838 2060 891 ab
2083 837 2203 891 aliis
2228 837 2370 891 dicta
2397 838 2803 905 vituperaverit,
2836 836 2971 890 nihil
3007 850 3137 889 vero
3170 836 3283 903 ipse
3309 832 3452 901 quod

1892 946 1923 984 e
1990 944 2049 982 re
2100 930 2189 990 sit,
2249 944 2311 983 ac
2382 928 2724 983 conducibile
2773 928 2991 989 dixerit,
3020 927 3111 980 sed
3173 927 3361 993 magis,
3397 931 3455 974 ut

1894 1023 2048 1088 prius
2098 1019 2347 1073 refutatis
2382 1036 2501 1088 quae
2538 1035 2643 1072 non
2682 1020 2820 1074 bene
2853 1018 2994 1073 dicta
3034 1017 3309 1075 videntur,
3338 1015 3455 1082 ipse

1894 1111 2239 1181 postmodum
2303 1114 2572 1164 sententia
2626 1110 2963 1179 superaverit
3006 1124 3020 1162 :
3075 1106 3286 1161 tametsi
3326 1112 3455 1158 sunt

219 1202 642 1268 contradicturi,
668 1206 760 1272 qui
796 1205 932 1258 nihil
967 1207 1110 1261 aliud
1147 1208 1199 1260 in
1230 1207 1452 1260 civitate
1484 1204 1794 1259 deliberant
1832 1215 1896 1255 ac
1960 1200 2173 1255 consilii
2210 1200 2419 1265 ineunt,
2483 1215 2642 1269 quam
2675 1210 2735 1252 ut
2778 1200 2864 1264 iis,
2891 1199 2983 1267 qui
3025 1201 3202 1253 minus
3235 1198 3452 1267 placen-

223 1293 297 1345 tia
326 1292 584 1357 dixerint,
614 1297 1019 1351 contradicant.

305 1384 447 1450 Ἐγὼ
481 1386 535 1437 δὲ
568 1388 785 1456 πρῶτον
818 1390 937 1459 μὲν,
963 1386 1005 1443 ὦ
1038 1391 1250 1463 ἄνδρες,
1280 1389 1785 1459 ἀξιώσαιμάὐτοῦς

216 1476 418 1543 λέγειν,
453 1479 505 1528 εί
533 1496 584 1529 τι
632 1482 743 1542 τοῖς
774 1482 1108 1550 ἐίρημένοις
1157 1482 1474 1551 ἐπιτιμῶσι,
1532 1484 1627 1536 καὶ
1676 1483 1787 1534 δει-

216 1564 402 1617 κνύειν
430 1566 461 1635 ἢ
494 1567 568 1629 ὼς
600 1570 692 1637 οὐχ
721 1570 948 1623 ’ἑκαστον
974 1572 1080 1623 τῶν
1099 1572 1591 1642 ἀπηριθιμημένων
1627 1590 1788 1643 προσ-

214 1655 356 1705 εῖναι
404 1656 482 1707 δεῖ
522 1660 631 1721 τοῖς
696 1660 825 1728 ἡμῖν
872 1663 1360 1732 συμμαχήσουσιν·
1415 1663 1445 1731 ἢ
1493 1661 1602 1729 ἐγὼ
1659 1660 1785 1718 τοὺς

216 1746 309 1797 ὑπ’
349 1748 528 1800 αὐτῶν
568 1750 893 1817 λεγομένους
951 1754 1292 1821 συκοφαντῶ,
1334 1754 1428 1804 καὶ
1479 1752 1781 1822 χρησίμους

216 1839 508 1907 ἐσομένους
536 1844 599 1909 τῇ
639 1842 812 1903 πόλει,
856 1847 1123 1912 πονηροὺς
1166 1846 1465 1913 ἀποφαίνω.
1505 1846 1565 1896 Εί
1589 1846 1644 1897 δὲ
1679 1861 1784 1912 μη-

212 1923 437 1992 δέτερον
461 1932 647 1980 ποιεῖν
681 1930 1049 2000 ἐθελήσουσιν,
1103 1934 1239 2001 ὅπερ
1266 1926 1409 2000 ἡμῖν
1442 1930 1779 1998 ἐγκαλοῦσιν,

213 2016 372 2067 αὐτοὶ
420 2018 682 2085 πρότερον
718 2018 1019 2081 πείσονται,
1060 2022 1152 2072 καὶ
1188 2020 1430 2083 δόξουσιν
1466 2022 1597 2088 ἡμῖν
1634 2022 1785 2071 ἀντι-

212 2106 418 2173 λέγειν,
480 2108 737 2175 οὐδεμίαν
793 2111 948 2161 αὐτοὶ
988 2111 1213 2178 γνώμην
1260 2108 1785 2178 είσφέροντες.Έίδ’

214 2201 503 2266 ἀμφότερα
522 2198 700 2260 καλῶς
724 2200 935 2269 εἴρηται
964 2201 1094 2269 παρ’
1115 2202 1142 2267 ἡ
1153 2202 1289 2269 μῶν,
1305 2202 1548 2253 λείπεται
1564 2201 1783 2253 σκοπεῖν

213 2288 271 2338 ἐν
302 2288 491 2357 κοινῷ,
526 2288 667 2348 τίνες
710 2289 759 2339 oi
791 2290 926 2359 πρὸς
958 2291 1025 2343 τά
1071 2292 1313 2357 παρόντα
1353 2294 1417 2359 τῇ
1454 2292 1608 2343 πόλει
1638 2290 1784 2341 λυσι-

212 2379 553 2446 τελήσοντες.
593 2380 667 2431 Οὐ
715 2381 819 2449 μὴν
848 2382 963 2435 ἀλλ’
1011 2382 1097 2434 ἵνα
1141 2384 1215 2451 μὴ
1254 2382 1395 2435 δοκῶ
1429 2383 1585 2449 λόγον
1610 2378 1797 2441 ἄλλως

215 2470 380 2537 μόνον
408 2466 545 2523 εἶναι
574 2473 642 2522 τὰ
674 2472 804 2541 παρ’
834 2474 1008 2541 ἡμῶν,
1042 2474 1148 2525 τῶν
1190 2475 1242 2526 δὲ
1277 2474 1618 2542 πραγμάτων
1644 2472 1784 2525 ἑκὼν

209 2556 278 2607 δι’
312 2559 551 2623 ἀπορίαν
577 2560 932 2627 ἀφίστασθαι,
965 2562 1071 2630 ἐρῶ
1096 2561 1161 2613 τὰ
1193 2560 1481 2614 δοκοῦντα·
1531 2562 1783 2613 τοσοῦτον

214 2647 373 2715 ἡμῶν
408 2648 641 2717 δεηθεὶς,
675 2652 749 2719 μὴ
787 2653 1049 2723 πρότερον
1080 2652 1349 2722 θορυϐεῖν,
1378 2653 1433 2705 εί
1460 2671 1511 2707 τι
1546 2655 1697 2724 παρὰ
1725 2658 1783 2706 τὸ

209 2738 406 2791 δοκοῦν
438 2740 564 2809 ὑμῖν
616 2742 647 2810 ἡ
684 2742 964 2811 συμϐουλὴ
1014 2744 1283 2811 περιέξει’
1322 2744 1436 2797 ἀλλ’
1471 2745 1781 2812 ἀνασχομέ-

211 2845 339 2893 νους
375 2830 483 2882 τῶν
514 2831 737 2893 λοιπῶν,
771 2834 891 2885 τότε
940 2833 971 2901 ἢ
1008 2832 1315 2897 συνθέσθαι,
1363 2833 1394 2901 ἢ
1429 2836 1539 2894 τοῖς
1568 2838 1781 2903 καιροῖς

210 2920 347 2975 ἄλλο
387 2938 437 2973 τι
486 2924 899 2993 χρησιμώτερον
945 2925 1282 2993 ἐξευρίσκειν
1311 2924 1629 2993 πειρᾶσθαι.
1669 2924 1781 2977 Οὐκ

211 3013 420 3082 ἀπορίᾳ
458 3016 763 3084 συμμάχων
818 3017 910 3067 ἐπὶ
959 3014 1104 3067 τοῦτ’
1154 3015 1455 3083 ἀφίγμεθα,
1485 3009 1529 3069 ὧ
1566 3016 1776 3083 ἄνδρες,

1965 1387 2076 1455 Ego
2112 1394 2317 1448 autem,
2350 1386 2755 1447 auditores,eos
2788 1384 3022 1453 primum
3056 1384 3271 1437 edicere
3300 1398 3455 1450 roga—

1889 1478 2083 1541 verim,
2118 1492 2245 1529 num
2281 1476 2409 1543 quid
2444 1476 2496 1527 in
2528 1473 2765 1542 praefatis
2804 1473 3315 1541 reprehendendum
3352 1473 3451 1524 ha-

1887 1576 2069 1639 beant,
2102 1572 2516 1640 ostendantque,
2549 1579 2643 1623 aut
2690 1585 2795 1623 non
2844 1584 3063 1623 necesse
3100 1582 3219 1621 esse
3252 1576 3308 1621 ut
3340 1568 3454 1621 haec

1891 1664 2075 1716 omnia
2128 1664 2327 1724 adsint,
2382 1662 2506 1714 belli
2551 1659 2707 1713 nobis
2745 1659 2938 1713 futuris
2988 1658 3184 1719 sociis,
3215 1657 3298 1710 vel
3329 1670 3451 1724 ego.

1820 1790 1859 1844 Β
1891 1770 2032 1823 quos
2064 1756 2139 1808 illi
2173 1754 2409 1808 dixerint
2435 1756 2485 1805 in
2518 1752 2726 1806 crimen
2754 1750 2982 1810 vocabo,
3026 1749 3255 1815 urbique
3290 1749 3451 1801 utiles

1889 1848 2227 1902 existimatos
2285 1846 2457 1898 malos
2508 1842 2902 1914 pronuntiabo.
2959 1840 3054 1894 Sin
3107 1850 3284 1893 autem
3317 1855 3455 1893 neu-

1886 1947 2029 1989 trum
2086 1934 2257 1989 velint
2310 1928 2588 2001 prwstare,
2639 1932 2739 1999 ipsi
2795 1930 2949 1998 prius
3007 1942 3168 1981 causa
3232 1927 3451 1991 cadent,

1883 2024 2325 2089 videbunturque
2385 2021 2541 2075 nobis
2596 2018 2993 2083 contradicere,
3056 2029 3185 2068 cum
3250 2016 3450 2079 nullam

1885 2113 1983 2182 ipsi
2010 2114 2328 2167 sententiam
2360 2110 2616 2163 inferant.
2641 2108 2795 2172 Quod
2816 2108 2858 2160 si
2881 2108 3019 2162 bene
3037 2118 3091 2161 et
3115 2118 3171 2161 ut
3200 2122 3294 2176 par
3309 2114 3450 2167 erat,

1844 2197 1851 2203 ’
1886 2215 2109 2273 utraque
2127 2204 2383 2262 diximus,
2410 2201 2674 2268 reliquum
2694 2200 3058 2252 estcommnni
3092 2199 3453 2253 deliberemus

1883 2295 2131 2356 consilio,
2160 2294 2382 2362 quinam
2441 2306 2621 2345 rerum
2656 2292 2906 2357 praesenti
2935 2300 3101 2353 statu,
3138 2288 3453 2362 futuriqsint

1885 2386 2005 2439 urbi
2044 2386 2222 2449 utiles.
2262 2383 2579 2446 Enimvero,
2633 2392 2789 2435 utne
2826 2383 3030 2434 nudum
3081 2388 3284 2434 temere
3329 2360 3449 2433 ser-

1888 2489 2105 2529 monem
2168 2474 2386 2529 effutire
2444 2473 2675 2538 videar,
2736 2472 3018 2539 libensque
3076 2487 3188 2539 pra:
3237 2469 3449 2523 consilii

1888 2566 2067 2635 inepia
2098 2583 2127 2621 a
2157 2566 2319 2621 rebus
2374 2574 2574 2618 memet
2607 2563 2950 2627 abstrahere,
2992 2563 3165 2615 dicam
3196 2578 3316 2629 quae
3361 2561 3446 2612 vi-

1886 2661 2109 2721 dentur,
2151 2661 2252 2713 hoc
2293 2667 2503 2712 tantum
2566 2672 2782 2725 rogans,
2834 2665 2890 2709 ut
2930 2654 3109 2724 siquid
3163 2654 3451 2706 consilium

1885 2767 1912 2804 a
1950 2760 2133 2805 vestro
2167 2750 2404 2803 alienum
2439 2764 2603 2801 sensu
2658 2746 3074 2813 complectatur.
3131 2758 3237 2797 non
3301 2744 3452 2811 prius

1887 2842 2179 2897 tumultum
2214 2841 2405 2897 cientis
2435 2880 2450 2903 ,
2488 2838 2581 2894 sed
2614 2837 2940 2907 exspectetis
2969 2836 3200 2905 reliqua,
3230 2843 3455 2901 tumque

1884 2935 1969 2988 vel
2005 2933 2291 3003 praebeatis
2351 2947 2657 2993 assensum,
2692 2930 2775 2983 vel
2826 2928 2972 2984 aliud
3009 2927 3285 2997 quidpiam
3323 2941 3449 2979 con-

1886 3042 2079 3093 gruum
2131 3027 2302 3093 magis
2360 3022 2699 3091 temporibus
2752 3020 2998 3074 invenire
3059 3020 3298 3083 tentetis.
3332 3018 3449 3072 Non

210 3104 303 3158 οὔ·
336 3106 451 3157 ἀλλ’
504 3106 665 3176 ἔτερα
704 3108 809 3159 τῶν
842 3107 1128 3177 παρόντων
1167 3106 1352 3159 κακῶν
1398 3107 1527 3176 ἡμῖν
1562 3107 1782 3173 γέγονεν

1887 3115 2014 3171 belli
2068 3114 2342 3170 sociorum
2395 3113 2631 3175 defectu,
2666 3112 2967 3174 auditores,
3006 3110 3058 3163 in
3088 3124 3213 3163 eum
3250 3116 3450 3161 statum

216 3198 371 3249 αἴτια
394 3213 409 3227 ·
437 3197 470 3249 ἀ
502 3196 599 3265 τῆς
641 3199 916 3259 πολιτείας
957 3198 1332 3271 κρατήσαντα,
1358 3200 1454 3249 καὶ
1472 3200 1781 3267 συμμαχεῖν

212 3287 547 3355 δυναμένους
574 3289 779 3355 ἑτέροις
811 3290 981 3356 ἡμᾶς,
1014 3288 1106 3340 νῦν
1129 3290 1252 3349 τοὺς
1295 3287 1657 3355 βοηθήσοντας
1688 3303 1783 3337 περ

218 3379 457 3449 ριιόντας
491 3380 790 3445 ἀναγκάζει
843 3380 1045 3449 ζητεῖν.
1100 3379 1388 3449 Σύμμαχοι
1424 3380 1469 3431 δ’
1497 3380 1628 3450 ἡμῖν
1675 3380 1782 3431 είσι

174 3468 185 3473 ’
215 3472 312 3523 καὶ
336 3470 522 3524 πολλοὶ
552 3473 647 3525 καὶ
699 3471 853 3526 καλοὶ
888 3472 983 3523 καὶ
1034 3470 1285 3523 τοσοῦτον
1332 3471 1623 3539 ἀχθόμενοι
1669 3471 1782 3532 τοῖς

211 3564 503 3635 ἡμετέροις
530 3566 739 3630 κακοῖς,
767 3567 889 3618 ὅσον
911 3565 1051 3633 ἡμᾶς
1077 3564 1241 3630 ἔγωγ’
1264 3564 1329 3616 ἂν
1360 3564 1626 3633 εὐξαίμην
1654 3564 1782 3632 ὑμῖν

216 3656 404 3717 αὐτοῖς
436 3654 739 3723 συναλγεῖν.
801 3654 954 3707 Εἴπω
988 3656 1136 3717 τίνας
1160 3673 1175 3688 ·
1220 3655 1491 3719 κελεύετε,
1550 3656 1644 3708 καὶ
1681 3654 1780 3707 οὐκ

211 3752 509 3817 ὀργιεῖσθε.

212 3846 355 3900 leste
383 3844 580 3906 ferant,
610 3852 670 3897 ut
702 3843 781 3897 sic
829 3858 930 3898 nos
956 3843 1069 3913 ipse
1099 3851 1280 3913 optem
1312 3850 1497 3897 nostra
1564 3840 1735 3906 ferre,
1798 3854 1860 3894 ac

212 3936 511 3991 continete.

284 4028 423 4089 Τοὺς
451 4026 541 4081 νῦν
567 4028 800 4097 ἥκοντας
840 4026 1143 4093 Ῥωμαίους
1179 4026 1321 4095 φημὶ
1371 4024 1464 4077 καὶ
1518 4024 1585 4078 τὰ
1650 4023 1792 4077 ὲκεί-

211 4140 322 4175 νων
350 4124 510 4184 ὅπλα,
538 4121 628 4173 καὶ
654 4120 752 4189 τὴν
776 4117 999 4185 ἀνδρίαν
1024 4134 1036 4147 ·
1068 4116 1095 4168 δ
1155 4118 1247 4171 καὶ
1286 4114 1552 4183 θαυμάζω
1595 4116 1641 4166 εί
1694 4116 1791 4168 καὶ

212 4212 459 4277 τοῦνομα
509 4210 637 4277 γοῦν
701 4209 797 4279 οὐχ
862 4209 1043 4261 ἱκανὸν
1100 4208 1226 4276 ὑμῖν
1278 4206 1610 4259 διαλλάττειν
1663 4204 1789 4267 τοὺς

215 4302 441 4368 ἄνδρας.
476 4300 751 4368 Σκέψασθε
775 4299 975 4362 τοίνυν,
995 4300 1041 4349 εἰ
1074 4298 1213 4358 τίνος
1245 4295 1353 4348 τῶν
1372 4294 1788 4364 προειρημένων

218 4394 362 4448 ἐνδεῖ
388 4393 497 4453 τοῖς
541 4389 846 4460 συμμάχοις
900 4389 1052 4455 ἡμῖν,
1112 4387 1309 4454 μᾶλλον
1337 4385 1381 4436 δ’
1413 4387 1462 4436 εί
1519 4386 1594 4452 μὴ
1653 4382 1789 4450 πρὸς

1890 3204 2095 3260 redacti
2127 3220 2333 3260 sumus.
2368 3204 2587 3258 Minime
2619 3202 2859 3272 gentium
2893 3218 2909 3267 ;
2941 3216 3127 3254 verum
3159 3200 3262 3254 alia
3295 3197 3452 3252 nobis

1892 3307 1951 3353 ut
1983 3299 2036 3351 in
2068 3298 2181 3351 haac
2221 3299 2359 3351 mala
2388 3296 2783 3359 incideremus,
2812 3296 2866 3346 in
2898 3309 3058 3347 causa
3090 3293 3415 3345 exstiterunt
3437 3328 3451 3353 ,

1888 3403 2063 3455 eaque
2093 3387 2411 3455 occupantia
2443 3386 2854 3454 rempublicam,
2880 3398 3003 3437 cum
3030 3382 3163 3436 tales
3188 3395 3455 3445 essemus,

1888 3479 1984 3549 qui
2039 3480 2167 3534 belli
2215 3478 2347 3534 socii
2398 3478 2519 3532 aliis
2575 3477 2823 3531 auxiliari
2876 3489 3180 3543 possemus,
3233 3487 3298 3526 eo
3356 3485 3453 3525 nos

1890 3571 2226 3641 compulere,
2274 3577 2333 3623 ut
2362 3571 2508 3624 omni
2560 3578 2713 3637 parte
2742 3568 3053 3621 auxiliarios
3080 3580 3325 3634 quaerere
3360 3576 3455 3617 ne-

1890 3673 2105 3714 cessum
2145 3658 2465 3712 habeamus.
2516 3657 2687 3711 Porro
2746 3657 2904 3711 nobis
2960 3665 3090 3709 Sunt
3123 3654 3250 3707 belli
3296 3650 3455 3716 socii,

1890 3748 2037 3817 iique
2070 3748 2227 3801 multi
2258 3761 2321 3801 ac
2354 3748 2503 3811 boni,
2530 3744 2733 3815 quiqtte
2777 3746 2917 3798 adeo
2941 3756 3124 3798 nostra
3159 3747 3296 3796 mala
3330 3756 3451 3795 mo-

1898 3840 2059 3895 nobis
2096 3838 2408 3919 condolere.
2456 3839 2641 3892 Dicam
2698 3837 2969 3902 homines,
3008 3836 3215 3905 iubete,
3247 3848 3310 3888 ac
3344 3834 3455 3889 iras

1966 4024 2261 4081 Venientes
2306 4040 2455 4079 nunc
2488 4026 2762 4081 Romanos
2811 4025 2934 4079 dico
2967 4038 3270 4093 eorumque
3304 4038 3454 4079 arma

1894 4128 1958 4169 a‘c
1986 4115 2398 4171 fortitudinem:
2426 4131 2491 4169 ac
2517 4117 2735 4179 mirum,
2756 4117 2820 4170 ni
2850 4118 3025 4185 ipsum
3055 4130 3274 4179 nomen,
3309 4114 3456 4167 viros

1892 4206 2050 4261 vobis
2080 4206 2354 4262 conciliet.
2384 4210 2612 4261 Pensate
2634 4224 2784 4277 ergo,
2815 4224 2941 4262 num
2964 4207 3092 4277 quid
3118 4222 3308 4261 eorum
3333 4220 3458 4275 quas

1893 4296 2268 4365 praediximus,
2328 4299 2452 4352 belli
2488 4299 2645 4352 nobis
2680 4298 2844 4353 sociis
2888 4298 3062 4360 desit;
3108 4297 3240 4365 quin
3276 4296 3461 4365 potius

1894 4404 2024 4442 num
2059 4388 2273 4441 abunde
2297 4390 2574 4453 omnibus,
2607 4390 2805 4456 qnibus
2831 4388 2958 4457 quis
2979 4387 3290 4447 auxilietur,
3320 4402 3456 4456 pra)-

218 4487 400 4541 πάντα
439 4482 577 4552 μετὰ
611 4479 702 4533 τοῦ
728 4484 733 4491 ’
762 4479 1043 4548 περιόντος
1099 4475 1379 4544 ἀρκοῦσιν.
1409 4474 1618 4527 Οὐκοῦν
1664 4474 1787 4526 ὅθεν

1894 4474 1995 4529 diti
2038 4476 2169 4529 sint.
2206 4476 2391 4542 itaque
2426 4475 2571 4530 unde
2598 4477 2736 4546 cmpi
2760 4518 2773 4542 ,
2803 4492 2832 4530 a
2864 4478 3164 4541 communi,
3206 4480 3452 4545 inquam,

218 4579 499 4649 ἠρξάμην,
528 4576 633 4627 ἀπὸ
697 4568 790 4625 τοῦ
848 4569 1312 4638 κοινοῦιδηλονότι
1370 4569 1782 4637 προσρήματος,

220 4671 524 4735 ποιήσομαι
553 4666 652 4733 τὴν
678 4664 875 4733 ἀρχήν.
934 4661 1087 4722 Τίνες
1144 4659 1432 4725 Ῥωμαίοις
1498 4656 1787 4725 Ῥωμαίων

218 4760 540 4827 οἰκειότεροι
598 4756 905 4823 σύμμαχοι;
942 4752 975 4821 ἢ
1010 4752 1153 4811 τίνες
1192 4748 1623 4815 ἀξιοπιστότεροι
1680 4748 1787 4799 τῶν

218 4850 322 4921 τὴν
351 4848 520 4916 αὐτὴν
548 4845 779 4915 ἑχόντων
822 4840 1081 4909 πατρίδας
1124 4840 1187 4891 Ἦ
1227 4840 1331 4907 γὰρ
1384 4840 1604 4891 ἐκείνων
1637 4838 1789 4899 πόλις

221 4943 325 5016 τῆς
350 4938 623 5011 ἡμετέρας
650 4934 991 5005 μητρόπολις
1011 4933 1201 5001 γέγονε
1224 4946 1239 4964 ·
1272 4930 1365 4982 καὶ
1400 4932 1511 4989 τοῖς
1542 4928 1790 4989 ἀποίκοις

223 5034 605 5101 κοινωνήσασα
632 5029 727 5095 τῆς
754 5024 1088 5093 ἐπωνυμίας,
1121 5020 1300 5086 ἐκείνη
1344 5020 1441 5090 μὲν
1485 5020 1672 5088 ὥσπερ
1707 5035 1790 5081 τις

222 5124 489 5194 πρόϐολος
549 5121 759 5191 ἔμεινεν
786 5118 878 5170 ἐπὶ
932 5115 1029 5182 τῆς
1088 5116 1361 5181 ἑσπέρας·
1397 5111 1541 5179 ἡμᾶς
1584 5110 1639 5161 δὲ
1690 5112 1789 5178 τῆς

236 5216 422 5277 Ἀσίας
457 5213 825 5284 ἡγησομένους
853 5206 1158 5276 ιξέπεμιιβν
1178 5223 1191 5237 ο
1216 5202 1345 5257 ὥσθ’
1372 5203 1464 5256 ἕνα
1498 5202 1595 5271 μὲν
1620 5203 1791 5272 δῆμον

224 5306 375 5376 ἡμᾶς
409 5319 468 5355 τε
500 5302 784 5363 κάκείνους
812 5298 1007 5359 δοκεῖν,
1044 5296 1168 5363 μίαν
1193 5295 1249 5346 δὶ
1272 5292 1423 5352 πόλιν
1454 5292 1788 5361 ἀμφοτέρας,

224 5397 288 5448 ιν
322 5392 551 5446 ἀποίκου
574 5390 667 5442 καὶ
699 5384 1080 5457 μητροπόλεως
1122 5382 1359 5449 σχήματι
1415 5381 1752 5445 τεταγμένας
1773 5397 1785 5411 ο

227 5481 400 5551 μηδὲν
466 5478 523 5531 δὲ
582 5474 800 5528 εἶναιτὸ
849 5470 1107 5540 διαιροῦν,
1169 5468 1305 5537 πλὴν
1353 5467 1476 5519 ὅσον
1532 5466 1627 5535 τὴν
1693 5468 1791 5535 μὲν

238 5570 519 5638 Ῥωμύλος
548 5566 801 5638 ἱδρύσατο
824 5582 839 5596 ·
868 5563 969 5633 τὴν
989 5563 1033 5613 δ’
1054 5564 1082 5613 ὁ
1130 5559 1226 5629 τὴν
1262 5558 1469 5611 ἐκείνου
1518 5558 1791 5626 βασιλείαν

224 5660 611 5730 διαδεξάμενος
644 5656 809 5725 ἔπηξε
840 5653 1265 5712 Κωνσταντϊνος.
1302 5649 1463 5701 ’Δλλά
1496 5650 1604 5720 μὴν
1634 5649 1791 5703 αὐτόν

232 5772 291 5808 τε
316 5754 744 5818 Κωνσταντῖνον,
782 5747 842 5806 οὗ
904 5749 1075 5803 πάντα
1120 5745 1188 5799 τά
1240 5744 1480 5814 ἡμέτερα
1537 5743 1786 5817 ἤρτηται,

1896 4567 2279 4634 appellatione,
2312 4567 2437 4621 inde
2467 4568 2660 4621 ducam
2688 4568 2992 4621 exordium.
3040 4568 3314 4631 Quasnam
3346 4568 3457 4621 Ro-

1896 4658 2042 4709 mani
2094 4658 2354 4711 Romanis
2390 4657 2560 4725 magis
2586 4656 2928 4711 necessarios
2976 4659 3154 4711 socios
3188 4659 3460 4713 habeant?

1895 4745 2174 4810 Quosnam
2228 4761 2359 4800 vero
2401 4746 2469 4801 ad
2496 4746 2657 4800 fidem
2692 4750 3138 4815 comparatiores,
3164 4764 3325 4805 uuam
3360 4751 3454 4817 qui

1896 4840 2100 4894 habent
2129 4840 2375 4893 eamdem
2422 4838 2689 4907 patriam?
2726 4838 2924 4891 Eorum
2958 4854 3192 4907 namque
3240 4841 3455 4904 civitas,

1898 4940 2097 4983 nostra:
2128 4929 2446 4997 metropolis
2476 4939 2596 4991 est;
2631 4943 2865 4996 cumque
2903 4930 3132 4983 colaniza
3166 4946 3460 4984 commune

1896 5020 2229 5089 inipertisset
2268 5036 2489 5085 nomen,
2544 5020 2661 5090 ipsa
2698 5021 2917 5089 quidem
2970 5022 3117 5074 velut
3149 5038 3459 5091 propugna-

1897 5114 2082 5166 culum
2100 5112 2153 5165 in
2176 5112 2470 5166 Occidente
2496 5112 2727 5175 mansit;
2754 5126 2854 5164 nos
2872 5112 3137 5181 vero,qui
3164 5112 3303 5165 Asiae
3318 5127 3459 5179 pray-

1897 5213 2163 5264 essemus,
2210 5198 2411 5262 emisit,
2444 5208 2503 5251 ut
2533 5199 2689 5266 plane
2738 5198 2977 5267 utrique,
3023 5216 3163 5255 unus
3197 5202 3452 5270 idemque

1899 5290 2132 5360 populus
2180 5282 2502 5352 videamUr;
2556 5288 2839 5357 ambarque
2878 5290 3039 5342 urbes
3078 5290 3208 5343 urbs
3240 5292 3456 5355 eadem,

1899 5396 1997 5448 pro
2044 5381 2274 5435 coloniae
2320 5394 2383 5434 ac
2438 5381 2753 5450 metmpolis
2800 5380 3045 5435 ratione:
3095 5382 3339 5450 nihilque
3387 5387 3458 5437 sit

1897 5471 2042 5540 quod
2078 5472 2400 5540 distinguat,
2450 5480 2678 5541 excepto
2711 5479 2769 5524 ut
2803 5472 3027 5527 alteram
3074 5472 3295 5539 quidem
3346 5472 3453 5526 Ro-

1899 5563 2082 5617 mulus
2115 5562 2463 5630 fundaverit;
2494 5564 2720 5617 alteram
2759 5579 2908 5627 vero,
2939 5563 3056 5631 ejus
3086 5562 3300 5631 imperii
3327 5578 3453 5617 sues

1900 5668 2085 5710 cessor
2126 5653 2521 5709 Constantinus
2555 5653 2882 5709 condiderit.
2916 5652 3056 5719 Quin
3106 5664 3163 5707 et
3191 5655 3456 5709 Constan-

1903 5745 2075 5800 tinum
2122 5761 2148 5799 a
2189 5760 2296 5814 quo
2342 5746 2520 5801 omnia
2556 5755 2739 5803 nostra
2772 5744 3029 5816 pendent,
3062 5744 3239 5800 sciunt
3265 5756 3457 5800 oumcs
