4166 6330
755 394 854 453 Μ

1988 397 2357 458 DEMETRII
2399 396 2704 469 CYDONlI

3884 409 3979 473 98$

766 510 1032 578 principio
1061 509 1278 565 videtur
1306 511 1589 582 obtigisse.
1621 514 1730 569 Nec
1758 515 2201 585 congressionem
2240 526 2322 564 as-

2426 518 2536 578 τοῖς
2568 516 2862 587 βαρϐάροις
2892 517 2949 584 ἐξ
2981 520 3156 591 ἀρχῆς
3211 478 3683 592 συγκεκλήρωται.
3737 525 3850 578 Καὶ
3882 525 3976 576 οὐκ

753 602 965 668 signare
994 602 1171 666 liceat,
1202 619 1307 671 qua
1370 621 1474 658 non
1519 607 1749 661 victores
1776 618 1975 677 tropara
2013 608 2312 662 crcxerint.
2368 657 2377 667 ,

756 689 1044 743 Enimvero
1075 707 1197 745 cum
1235 695 1303 746 ab
1335 698 1558 765 antiquo
1595 700 1860 767 coeperint
1893 699 2162 752 Barbaros
2188 712 2313 765 pro-

749 781 905 846 sequi
946 781 1092 845 odio,
1129 783 1394 837 hactenus
1433 799 1801 854 perseverant,
1834 789 2046 842 utnihil
2073 803 2309 856 unquam

751 868 972 924 fwderis
1001 873 1215 926 ineundi
1262 877 1648 930 meminerint:
1686 887 1848 946 atque
1882 879 2019 931 adeo
2055 894 2140 932 res
2172 879 2314 945 ejus-

755 960 919 1025 modi,
970 963 1167 1016 nedum
1217 980 1332 1018 aevo
1384 967 1507 1031 hoc,
1543 969 1779 1021 nominis
1815 969 1894 1022 eis
1923 969 2109 1023 aﬂ‘eret
2149 969 2311 1022 clari-

754 1060 951 1116 tati-ni;
993 1067 1182 1105 verum
1224 1056 1385 1108 etiam
1442 1057 1627 1110 futuro
1677 1073 1997 1126 magnorum
2047 1059 2311 1110 bonorum

752 1141 916 1195 habet
947 1145 1451 1212 repromissionem.
1486 1148 1669 1215 Atqui,
1711 1150 1835 1218 quis
1862 1149 2067 1203 certius
2093 1148 2310 1216 aliquod

750 1244 1132 1299 argumentum
1185 1236 1337 1298 velit,
1383 1245 1440 1290 ut
1474 1253 1578 1290 non
1629 1239 1662 1290 ii
1716 1239 1894 1302 facile,
1932 1248 2185 1308 tanquam
2217 1254 2314 1292 co-

752 1320 923 1374 lorem
954 1324 1061 1376 sint
1088 1326 1411 1378 sententiam
1443 1328 1727 1390 mutaturi,
1769 1343 1930 1396 quam
1964 1339 2022 1381 ut
2051 1331 2314 1382 diuturno

751 1414 887 1465 adeo
921 1423 1162 1482 tempore
1197 1415 1461 1469 adversus
1495 1417 1759 1470 Barbaros
1787 1419 2185 1486 depugnantes,
2218 1435 2312 1474 ne-

751 1517 856 1570 que
892 1504 990 1570 ipsi
1040 1519 1278 1571 unquam
1310 1505 1556 1559 inducias
1603 1506 1904 1573 petierint,
1938 1522 2036 1559 nec
2067 1508 2314 1562 hostibus

749 1593 1020 1646 voluerint
1064 1595 1307 1655 concedi,
1347 1604 1599 1663 tanquam
1652 1589 1778 1649 vero
1824 1596 1892 1648 ab
1940 1598 2052 1664 ipsa
2114 1609 2312 1651 natura

755 1684 808 1736 in
841 1699 933 1736 eos
967 1684 1162 1737 bellum
1205 1686 1564 1753 susceperint,
1598 1687 1674 1740 sic
1701 1701 1890 1741 eorum
1925 1688 2136 1740 ruinam
2177 1689 2310 1742 lucri

752 1776 969 1827 maximi
1000 1776 1121 1828 loco
1160 1776 1358 1830 habent
1386 1777 1406 1827 ?
1434 1776 1586 1840 Quod
1635 1785 1812 1830 autem
1847 1793 1952 1829 non
1982 1778 2086 1831 nisi
2121 1780 2311 1847 grandi

752 1881 857 1919 mre
883 1866 1006 1918 talia
1038 1867 1322 1936 designare
1357 1869 1653 1934 potuerint,
1687 1867 1952 1920 ridiculus
1982 1870 2079 1922 sim
2109 1878 2166 1921 ut
2189 1884 2311 1938 pro-

754 1958 881 2009 bare
911 1959 1254 2010 tentaverim.
1290 1958 1482 2010 Sciunt
1514 1973 1640 2010 vero
1668 1945 1759 2026 qui
1791 1959 2007 2012 navales
2037 1961 2318 2014 instruunt

757 2046 964 2114 copias,
1018 2046 1147 2099 nihil
1187 2047 1537 2114 paucioribus
1571 2046 1811 2114 indigere
1850 2048 1914 2097 ad
1956 2057 2317 2101 commeatum

757 2134 901 2189 bello
932 2145 1299 2204 comparatam
1336 2137 1535 2197 navim,
1571 2145 1730 2202 atque
1767 2136 2006 2202 indigeat
2050 2153 2154 2190 una
2189 2138 2320 2191 urbs

757 2236 889 2280 tota.
942 2227 1045 2280 Tot
1080 2243 1212 2280 vero
1261 2227 1335 2280 illi
1390 2227 1645 2280 continue
1693 2228 1971 2280 instruunt
2003 2229 2221 2294 classes,
2263 2236 2320 2281 ut

755 2317 919 2371 ludus
953 2316 1170 2384 quidem
1220 2317 1489 2381 videatur,
1529 2333 1688 2384 quam
1725 2317 1892 2371 Graeci
1929 2321 2194 2372 miserunt
2226 2336 2320 2372 ex-

758 2418 1051 2476 pugnatum
1089 2407 1306 2476 Trojam
1337 2429 1349 2461 ;
1398 2409 1476 2461 sic
1509 2409 1657 2461 velut
1702 2423 1731 2460 e
1766 2407 2030 2471 fontibus,
2075 2411 2321 2477 pecuniae

757 2500 1007 2552 aﬂluunt.
1056 2500 1166 2554 Nec
1197 2500 1494 2553 hominum»
1537 2516 1698 2568 quam
1752 2501 2109 2570 pecuniarum
2147 2503 2323 2556 minor

758 2589 937 2658 capia.
977 2589 1080 2642 Per
1128 2590 1379 2643 nationes
1417 2589 1589 2652 enim,
1643 2590 2003 2657 sorlalitiaque
2045 2580 2116 2644 ‘ac
2150 2592 2323 2645 tribus

759 2688 1063 2742 transeunt,
1099 2690 1154 2732 ut
1191 2679 1480 2732 videantur
1504 2679 1676 2748 patria
1711 2680 1893 2733 relicta
1929 2681 2034 2733 alio
2089 2680 2318 2734 commi-

758 2786 933 2841 grare.
966 2771 1118 2833 Quod
1148 2770 1192 2825 si
1226 2771 1346 2838 quis
1375 2787 1440 2824 eo
1474 2772 1676 2826 moveri
1715 2772 1884 2835 dicat,
1922 2774 2063 2842 quod
2097 2789 2194 2826 nos
2225 2774 2324 2826 mi-

760 2867 1024 2921 serantes,
1057 2859 1194 2911 mala
1241 2868 1421 2910 nostra
1476 2875 1627 2910 suam
1668 2861 1908 2926 ipsorum
1959 2861 2322 2916 calamitatem

760 2948 996 3011 ducant;
1024 2946 1154 3015 quid
1184 2946 1266 3000 vel
1293 2956 1547 3015 parentes
1579 2949 1901 3015 ampliorum
1936 2951 1988 3001 in
2023 2964 2121 3001 nos
2153 2948 2325 3003 visee-

762 3055 880 3092 rum
933 3038 1222 3091 ostendere
1280 3039 1525 3090 valeant?
1582 3037 1676 3090 Sin
1732 3051 1936 3102 autem,
1976 3048 2132 3090 tanta}
2180 3038 2325 3090 illius

2426 606 2568 661 ἔστιν
2594 610 2682 662 ὅτε
2710 611 3077 681 συμϐαλόντες
3099 615 3197 666 οὐκ
3226 614 3528 684 ἀνέστησαν
3555 615 3807 682 τρόπαια.
3825 614 3978 666 Ἀλλά

2426 699 2531 767 μὴν
2555 700 2762 754 ἀνωθεν
2799 702 2892 756 τοῦ
2930 704 3065 773 πρὸς
3104 706 3230 766 τοὺς
3268 705 3576 776 βαρϐάρους
3609 705 3799 776 μίσους
3821 705 3980 772 ἀρξά⁶

2426 808 2597 859 μενοι,
2628 791 2774 859 δεῦρ’
2795 793 2880 846 ἀεὶ
2909 793 3305 860 διαγεγδνασιν,
3335 793 3457 846 οὐδέ
3487 811 3613 846 ποτε
3652 793 3978 862 μνησθέντες

2425 884 2702 936 σπονδῶνο
2741 884 2816 946 ὡς
2869 885 3016 938 τοῦτ’
3067 885 3249 948 αὐτοῖς
3283 886 3384 938 ούκ
3422 884 3651 940 ἐνταῦθα
3705 886 3866 952 μόνον
3898 881 3979 936 sb-

2423 976 2610 1029 κλειαν
2637 971 2803 1040 οἶσον,
2837 975 2969 1028 ἀλλά
3013 977 3103 1028 καὶ
3139 976 3275 1044 πρὸς
3299 975 3360 1028 τδ
3389 975 3581 1044 μέλλον
3623 976 3848 1042 ἀγαθῶν
3886 994 3977 1044 με·

2421 1067 2599 1134 γάλων
2636 1067 2758 1136 ἔχον
2790 1067 3142 1134 ἐπαγγελίαν.
3177 1069 3368 1121 Καίτοι
3400 1067 3482 1129 τίς
3527 1067 3591 1120 ἂν
3639 1066 3766 1120 ἄλλο
3804 1068 3977 1134 μεῖζον

2423 1156 2534 1224 ἔχοι
2574 1157 2874 1226 τεκμήριον
2903 1157 2997 1209 τοῦ
3045 1158 3172 1218 τοὺς
3204 1157 3400 1224 ἄνδρας
3438 1156 3512 1225 μὴ
3561 1157 3763 1225 ῥᾴδιον,
3798 1155 3976 1224 ῶσπερ

2423 1251 2632 1318 χροιὰς,
2667 1249 3022 1318 μεταϐάλλειν
3053 1249 3152 1308 τὰς
3185 1248 3404 1317 γνώμας
3437 1248 3469 1317 ἢ
3508 1247 3761 1300 τοσοῦτον
3793 1248 3974 1315 χρόνον

2424 1340 2797 1409 πολεμοῦντας
2832 1341 2965 1409 πρὸς
2998 1341 3329 1410 βαρϐάρους,
3359 1341 3560 1408 ἀνοχάς
3610 1340 3737 1408 μήτ’
3788 1341 3975 1399 αὐτοὺς

2421 1433 2658 1500 αἰτῆσαι.
2691 1436 2827 1501 μήτε
2881 1433 3104 1500 θελῆσαι
3142 1431 3326 1484 δοῦναι
3367 1433 3480 1491 τοῖς
3511 1430 3796 1496 πολεμίοις
3823 1445 3838 1459 ’
3871 1427 3974 1482 ἀλλ’

2422 1521 2609 1590 ὥσπερ
2641 1522 2736 1573 καὶ
2779 1521 2876 1588 τὴν
2907 1522 3043 1590 πρὸς
3079 1520 3319 1583 ἐκείνους
3361 1520 3542 1588 μάχην
3571 1519 3710 1587 μετά
3745 1522 3843 1587 τῆς
3880 1521 3975 1585 ,φύ-

2426 1632 2558 1676 σεως
2589 1614 2932 1681 δεξαμένους,
2981 1613 3124 1666 οὕτω
3153 1612 3250 1682 τὴν
3283 1614 3505 1664 ἐκείνων
3554 1611 3834 1663 ἀπώλειαν
3872 1611 3975 1679 ἥδι-

2425 1723 2546 1758 στον
2576 1704 2818 1772 νομίζειν
2847 1704 3087 1772 κερδῶνς
3113 1701 3234 1756 Ὅτι
3258 1703 3303 1755 δ’
3333 1703 3431 1757 οὐκ
3453 1702 3577 1756 ἀνευ
3596 1719 3702 1771 χρη
3714 1703 3896 1769 μάτων
3916 1704 3975 1755 τὰ

2420 1797 2644 1848 τοιαῦτα
2701 1793 3160 1862 ἃνὴδυνήθησαν,
3221 1793 3392 1860 γέλως
3451 1793 3548 1861 μὲν
3597 1793 3974 1845 ἀποδεικνύναι

2420 1885 2746 1955 πειρᾶσθαι·
2789 1886 2932 1937 ῐσασι
2957 1884 3014 1935 δὲ
3041 1885 3087 1935 oi
3125 1884 3221 1944 τὰς
3249 1883 3515 1944 ναυτικὰς
3543 1883 3805 1949 δυνάμεις
3832 1882 3974 1948 ἐξαρ-

2419 1976 2691 2042 τυόμενοι,
2718 1975 2789 2035 ὡς
2818 1975 2954 2025 ὅσων
2987 1975 3083 2042 μιᾷ
3125 1971 3296 2035 πόλει,
3327 1971 3596 2023 τοσούτων
3633 1973 3714 2023 δεῖ
3761 1974 3856 2023 καὶ
3886 1973 3973 2037 μιᾷ

2421 2064 2509 2132 νηῒ
2541 2063 2902 2131 στρατιώτιδι.
2950 2064 3300 2122 Ἀποστόλους
3355 2062 3395 2112 δ’
3431 2064 3632 2113 ἐκεῖνοι
3687 2061 3971 2122 τοσούτους

2423 2154 2658 2221 συνεχῶς
2711 2154 3080 2221 ἐξαρτύονται,
3120 2152 3196 2214 ὡς
3250 2152 3469 2205 παιδιάν
3526 2169 3647 2204 τινα
3688 2154 3884 2215 δοκεῖν,
3921 2153 3974 2202 ὃν

2422 2244 2681 2307 Ἕλληνες
2707 2244 2798 2294 ἐπὶ
2828 2243 3027 2312 Τροίαν
3062 2244 3388 2296 ἀπέστειλαν
3412 2246 3427 2272 ’⁷
3458 2243 3600 2295 οῦτω
3647 2242 3717 2294 τὰ
3747 2242 3976 2311 χρήματ’

2405 2337 2602 2397 ,αὐτοῖς
2630 2334 2818 2403 ὥσπερ
2847 2336 2954 2387 ἀπὸ
2981 2336 3175 2405 πηγῶν
3206 2337 3442 2405 smmi,
3473 2337 3568 2386 καὶ
3599 2334 3690 2385 τοῦ
3719 2335 3825 2384 τῶν
3855 2351 3977 2400 χρη-

2426 2428 2610 2494 μάτων
2642 2427 2878 2496 πλήθους
2935 2426 3029 2494 ούχ
3062 2421 3222 2495 ἦττον
3259 2425 3316 2477 τὸ
3347 2427 3452 2477 τῶν
3509 2426 3801 2492 σωμάτων.
3833 2424 3977 2475 Κατά

2422 2520 2548 2588 ἔθνη
2580 2519 2686 2588 γὰρ
2719 2517 2811 2570 καὶ
2840 2519 2980 2570 κατὰ
3009 2519 3242 2586 φατρίας
3274 2519 3370 2569 καὶ
3401 2520 3539 2569 κατὰ
3572 2516 3746 2584 φυλὰς
3779 2515 3977 2566 διαϐαεο

2424 2626 2642 2672 νουσιν,
2675 2610 2747 2668 ὡς
2794 2609 2972 2662 δοκεῖν
3013 2609 3200 2662 ἄλλοσε
3255 2606 3680 2676 μετοικίζεσθαι,
3729 2605 3827 2673 τὴν
3879 2621 3975 2654 πα-

2424 2699 2578 2766 τρίδα
2613 2698 3034 2760 καταλιπόντας.
3072 2697 3143 2748 Τὸ
3179 2698 3222 2749 δ’
3251 2698 3343 2748 ἐπὶ
3370 2695 3542 2749 ταῦτα
3589 2692 3773 2746 κινοῦν
3804 2687 3849 2744 εἴ
3885 2693 3978 2759 μὲν

2422 2789 2482 2840 τὸ
2509 2789 2816 2854 ’συναλγεῖν
2853 2790 2986 2855 ἡμῖν
3026 2788 3168 2839 εἴποι
3214 2803 3321 2850 τις,
3364 2788 3460 2838 καὶ
3496 2788 3783 2853 συμφορὰν
3815 2786 3976 2835 ποιεῖ-

2428 2877 2549 2929 σθαι
2583 2877 2648 2928 τὰ
2673 2876 2913 2944 ἡμέτερα
2964 2875 3133 2943 πάθη,
3193 2875 3243 2925 τί
3274 2876 3382 2934 τοῖς
3418 2871 3634 2940 γονεῦσι
3669 2873 3794 2939 περὶ
3841 2871 3978 2940 ἡμᾶς

2427 2965 2800 3028 ἐπιδείξασθαι
2835 2964 2998 3016 πλέον
3033 2963 3353 3026 κατέλιπον;
3386 2965 3434 3014 εί
3461 2962 3517 3014 δὲ
3545 2963 3643 3030 τὴν
3672 2963 3764 3013 ἐπὶ
3783 2959 3978 3020 τούτοις

2427 3058 2583 3120 δόξαν
2608 3052 2767 3108 ἆθλον
2794 3053 2892 3122 τῆς
2942 3055 3209 3120 τοσαύτης
3241 3052 3642 3121 μεγαλοψυχίας
3684 3049 3978 3109 ποιοῦνται,

762 3129 1177 3198 magniﬁcentiae
1205 3128 1510 3207 praemium,
1539 3143 1700 3196 quam
1739 3126 1861 3180 inde
1893 3139 2322 3196 consequuntur,

2428 3149 2542 3200 πότ’
2577 3147 2641 3200 ἂν
2679 3141 2820 3199 οῦτοι
2848 3144 3058 3217 μικρῶν
3093 3162 3251 3197 τινων
3297 3145 3455 3195 ἕνεκα
3503 3144 3629 3203 τοὺς
3674 3142 3980 3209 συμμάχους

764 3220 988 3289 gloriam
1028 3228 1295 3286 quaerant,
1327 3219 1671 3288 quandonam
1724 3219 1758 3272 ii
1793 3219 1973 3271 induci
2006 3219 2231 3285 possint,
2265 3229 2322 3270 ut

764 3311 976 3365 levibus
1009 3309 1334 3379 Quibusdam
1360 3327 1422 3364 ex
1456 3310 1634 3363 causis
1667 3310 1793 3363 belli
1825 3312 2002 3362 socios
2031 3302 2319 3373 de‘serant;

768 3403 860 3471 qui
892 3417 1022 3455 vero
1070 3417 1179 3454 non
1210 3400 1277 3455 iis
1322 3403 1429 3454 sint
1479 3401 1810 3462 auxiliaturi,
1844 3416 2074 3473 quorum
2127 3401 2322 3464 salute,

771 3504 974 3547 tantam
1017 3491 1253 3544 habeant
1304 3499 1583 3560 reportare
1620 3490 1893 3559 gloriam?
1936 3489 2029 3541 Sin
2065 3489 2322 3557 denique,

769 3586 910 3654 quod
960 3584 1135 3653 majus
1195 3583 1489 3650 veriusque
1539 3582 1775 3643 dicatur,
1837 3581 1979 3648 quod
2018 3581 2070 3632 in
2104 3583 2216 3633 suis
2264 3595 2328 3634 ac

768 3675 1109 3739 necessariis,
1135 3689 1377 3743 quosque
1399 3682 1456 3726 ut
1473 3689 1568 3726 sua
1595 3673 1833 3743 ipsorum
1853 3671 2093 3726 membra
2113 3680 2325 3738 curent,

773 3766 1035 3837 pietatem
1077 3764 1297 3817 videant
1343 3766 1396 3816 in
1437 3764 1729 3817 discrimen
1767 3764 1992 3824 ‘vocari;
2043 3772 2204 3831 atque
2233 3779 2327 3817 eos

771 3856 1011 3924 quicum
1049 3855 1181 3924 ipsis
1207 3869 1268 3908 ac
1295 3869 1388 3924 per
1418 3856 1561 3923 ipsos
1587 3855 1859 3910 Universis
1887 3854 2326 3919 dominabantur,

772 3962 961 4000 eorum
1014 3947 1312 4014 mancipari
1373 3962 1579 4006 servos,
1637 3961 1773 4013 quos
1823 3946 1974 4013 prius
2012 3945 2331 3998 habuissent

774 4037 1043 4105 mancipia
1094 4051 1192 4105 pro
1239 4037 1492 4089 omnibus
1543 4035 1641 4105 ipsi
1697 4037 1946 4089 adierunt
1989 4035 2326 4104 periculum;

777 4144 946 4182 unum
981 4127 1113 4181 illud
1140 4127 1240 4181 sibi
1267 4137 1654 4197 proponentes,
1688 4143 1794 4196 quo
1821 4128 2133 4195 religionem
2156 4118 2332 4182 sacra-

777 4219 1038 4272 tissimam
1061 4217 1128 4271 ab
1159 4217 1449 4285 impiorum
1477 4218 1672 4284 injuria
1702 4218 2022 4276 liberarent,
2058 4216 2330 4284 quomodo

778 4323 885 4362 non
917 4307 1179 4361 eximium
1234 4305 1362 4374 quid
1418 4306 1662 4359 videatur
1710 4306 1851 4374 quod
1907 4307 1972 4360 ab
2004 4305 2084 4359 eis
2114 4305 2332 4374 agitur?

778 4396 894 4450 Aut
921 4396 1045 4465 quis
1079 4394 1348 4448 illustrius
1373 4393 1548 4461 possit
1577 4391 1768 4445 aﬂ‘erre
1797 4391 2014 4460 pictatis
2039 4388 2334 4443 indicium?

2430 3235 2846 3302 ὲγκαταλίποιεν
2875 3250 2890 3265 ⁸
2924 3234 2956 3302 ἢ
3005 3235 3121 3294 πῶς
3147 3233 3245 3284 οὐκ
3273 3232 3336 3284 ἂν
3373 3232 3587 3300 βοηθεῖν
3619 3232 3868 3292 ἐκείνοις,
3895 3228 3981 3290 οὖς

2428 3327 2718 3388 σώσαντες,
2749 3324 3014 3392 τοσαύτην
3056 3321 3296 3375 οἴσεσθαι
3334 3323 3584 3389 μέλλουσι
3613 3320 3804 3385 δόξαν;
3866 3321 3912 3372 εί
3940 3321 3981 3372 δ’

2425 3416 2450 3467 ὃ
2488 3415 2671 3484 μεῖζον
2703 3415 2794 3465 καὶ
2838 3413 3199 3481 ἀληθέστερον
3229 3412 3372 3465 εἴποι·
3406 3429 3510 3476 τις,
3537 3412 3611 3473 ὡς
3670 3411 3900 3479 ὁρῶντες
3931 3411 3983 3460 ὲν

2427 3508 2534 3564 τοῖς
2559 3502 2774 3564 οἰκείοις
2803 3502 2897 3552 καὶ
2921 3495 2992 3552 ὧν
3019 3501 3093 3562 ὡς
3124 3501 3344 3553 οἰκείων
3374 3500 3552 3568 μελῶν
3588 3500 3864 3568 κήδονται,
3891 3498 3983 3566 τὴν

2426 3590 2705 3645 εὐσέϐειαν
2767 3586 3222 3641 κινδυνεύουσαν·
3282 3591 3376 3640 καὶ
3429 3588 3555 3650 τοὺς
3611 3587 3727 3656 μετ’
3793 3587 3982 3649 αὐτῶν,

2427 3685 2524 3736 καὶ
2579 3681 2646 3733 δι’
2699 3680 2876 3734 αὐτῶν
2913 3681 3126 3731 πάντων
3177 3679 3532 3748 κρατοῦντας,
3571 3681 3683 3741 τοῖς
3722 3680 3982 3748 πρότερον

2428 3773 2783 3841 ἀνδραπόδοις
2828 3771 3305 3840 ἀναγκαζομένους
3362 3771 3658 3835 δουλεύειν,
3713 3771 3868 3824 αὐτοὶ
3899 3771 3982 3823 τὸν

2431 3866 2569 3936 ὑπὲρ
2611 3866 2716 3917 τῶν
2752 3864 2886 3916 ὅλων
2913 3864 3226 3928 ἀνεδέξαντο
3271 3863 3512 3914 κίνδυνον
3533 3901 3547 3926 ,
3585 3863 3642 3913 ἒν
3674 3861 3832 3914 τοῦτο
3863 3878 3981 3913 σκο-

2432 3957 2680 4018 ποῦντες,
2714 3957 2862 4016 ὅπως
2899 3955 3000 4022 τὴν
3034 3955 3342 4023 ἀγιωτάτην
3409 3954 3706 4026 θρησκείαν
3755 3955 3854 4022 τῆς
3882 3952 3983 4005 τῶν

2432 4047 2646 4102 ἀσεϐῶν
2689 4045 2897 4113 ὕϐρεως
2929 4047 3277 4113 ἐξαρπάσωσι
3299 4063 3311 4077 ο
3349 4045 3465 4106 πῶς
3498 4046 3593 4115 οὐχ
3625 4047 3899 4114 ὑπερφυὲς
3930 4044 3983 4097 τδ

2433 4137 2553 4191 κατ’
2583 4136 2799 4199 αὐτοὺς,
2853 4126 2902 4204 ἠ’
2941 4135 2992 4187 τί
3045 4152 3129 4193 τις
3172 4135 3549 4205 λαμπρότερον
3577 4136 3854 4196 εὐσεϐείας
3877 4136 3983 4199 ἒξε-

2434 4229 2628 4292 νέγκαι
2661 4227 2960 4294 τεκμήριον
2987 4242 3001 4290 ;
3041 4225 3094 4278 οἴ
3128 4242 3188 4292 γε
3222 4228 3332 4285 τοῖς
3368 4226 3458 4277 τὸν
3491 4225 3725 4294 Χριστὸν
3751 4226 3982 4295 βλασφη-

2440 4314 2621 4384 μοῦσι,
2677 4315 2924 4376 καὶτοῖς
2975 4315 3182 4366 ἐκείνου
3240 4315 3405 4374 θείοις
3468 4315 3648 4380 νόμοις
3710 4316 3811 4380 τὴν
3863 4312 3982 4381 παρ’

2441 4409 2654 4467 ἑαυτοῖς
2685 4406 3090 4458 ἀντιτάττουσιν
3121 4405 3369 4472 ἀνομίαν,
3407 4405 3503 4456 καὶ
3545 4406 3658 4466 τοῖς
3691 4405 3786 4455 ἀπ’
3820 4404 3980 4456 αὑτοῦ

780 4486 1049 4556 siquidem
1107 4481 1614 4551 blasphemantibus
1666 4481 1964 4540 Christum,
2025 4480 2322 4548 divinisque

2405 4518 2407 4534 ι
2439 4491 3085 4561 καλουμένοιςτοσαύτας
3113 4490 3466 4559 περιτιθεῑσιν
3499 4491 3762 4556 ἀνάγκας,
3790 4491 3862 4551 ὡς
3890 4493 3981 4542 οὐκ

779 4575 898 4646 ejus
959 4574 1168 4642 legibus
1203 4585 1351 4626 suam
1401 4571 1642 4638 ipsorum
1693 4569 2098 4638 opponentibus
2133 4569 2330 4635 iniqui-

781 4677 971 4726 tatem.
1004 4667 1169 4734 inque
1199 4673 1374 4717 tantas
1403 4665 1750 4717 necessitates
1784 4663 1958 4715 dictos
1991 4661 2058 4714 ab
2087 4676 2151 4715 eo
2179 4660 2336 4712 Chri-

781 4761 990 4813 stianos
1023 4756 1391 4820 mittentibus,
1445 4765 1503 4809 ut
1552 4770 1617 4808 ne
1654 4755 1873 4824 quidem
1923 4753 2124 4821 alioqui
2176 4752 2335 4805 liceat

784 4849 893 4902 vita
925 4847 1270 4915 superstitem
1306 4863 1448 4909 esse,
1496 4846 1601 4899 nisi
1639 4861 1757 4899 eam
1803 4845 1924 4912 quis
1973 4844 2154 4898 laudet
2208 4859 2332 4898 cor-

787 4940 1118 5009 ruptionem,
1172 4937 1268 4990 soli
1322 4953 1379 4991 se
1414 4938 1681 4993 universis
1725 4937 2058 5005 adversaque
2094 4937 2209 4990 acie
2238 4936 2332 4989 ob-

781 5031 1051 5099 jecerunt.
1087 5030 1164 5080 Ac
1215 5042 1389 5096 neque
1438 5031 1629 5082 civitas
1658 5039 1773 5094 est;
1831 5045 1938 5082 non
1971 5029 2189 5092 insula;
2227 5044 2334 5082 non

785 5120 1095 5180 continens,
1132 5118 1223 5172 ubi
1274 5133 1380 5171 non
1418 5119 1478 5181 ii,
1525 5120 1667 5172 illius
1701 5120 1799 5188 pro
1832 5121 2031 5187 pietate
2069 5120 2168 5173 zeli
2202 5119 2338 5174 assi-

787 5206 894 5258 due
932 5209 1210 5272 specimen
1256 5205 1436 5267 edant,
1482 5222 1576 5260 eos
1617 5205 1683 5259 ad
1717 5206 1900 5259 [letum
1936 5217 2208 5276 cogentes,
2242 5208 2334 5276 qui

790 5294 1037 5348 irrisioni
1066 5296 1318 5363 pietatem
1351 5297 1571 5352 habent.
1609 5297 1673 5351 lli
1705 5307 1831 5350 sunt
1858 5299 1948 5363 qui
1981 5298 2032 5350 in
2064 5298 2246 5352 Africa
2277 5313 2339 5352 ac

787 5386 1112 5454 Carthagine
1137 5403 1420 5458 numerosa
1446 5388 1743 5442 triremium
1767 5389 1961 5451 classe,
1990 5402 2051 5441 ac
2076 5389 2339 5458 pedestri-

790 5474 891 5563 bus
915 5476 1084 5545 copiis
1103 5476 1460 5534 Barbarorum
1479 5479 1727 5550 injuriam
1758 5479 2014 5563 cohibent
2034 5496 2046 5532 :
2068 5481 2267 5549 quique
2286 5480 2338 5533 in

793 5562 1086 5636 Egyptum
1127 5577 1428 5636 moventes,
1456 5572 1673 5625 illorum
1706 5562 2047 5639 metropolim
2082 5571 2215 5640 igni,
2246 5586 2338 5624 ca-

793 5658 1107 5725 daveribus,
1160 5673 1223 5712 ac
1267 5660 1560 5714 ruderibus
1598 5662 1961 5729 repleverint:
1995 5663 2177 5716 Asiam
2211 5660 2350 5716 vero.

801 5744 882 5798 sic
928 5746 1297 5815 percusserint
1343 5748 1760 5817 terruerintque,
1811 5757 1868 5803 ut
1901 5750 2078 5818 magni
2112 5750 2335 5805 aestimet

2439 4584 2556 4637 ἐνὸν
2586 4582 2755 4642 ἄλλως
2788 4581 2908 4649 ζῇν,
2933 4580 2998 4630 διν
3033 4581 3106 4647 μή
3139 4597 3220 4640 τις
3256 4581 3470 4646 ἐκείνην
3500 4581 3693 4648 ἐπαινῇ
3743 4579 3836 4649 τὴν
3867 4581 3981 4648 φθο-

2443 4675 2557 4743 ρὰν,
2587 4671 2736 4738 μόνοι
2765 4671 2926 4722 πᾶσιν
2951 4670 3171 4727 ἑαυτοὺς
3194 4669 3574 4736 ἀντεξήγαγον.
3599 4669 3706 4719 Καὶ
3731 4671 3828 4720 οὐκ
3846 4668 3981 4720 ἔστιν

2439 4761 2498 4814 οὐ
2536 4759 2711 4822 πόλις,
2745 4758 2802 4810 ού
2834 4757 3012 4825 νῆσος,
3039 4759 3136 4809 οὐκ
3160 4758 3413 4825 ἡπειρος,
3443 4749 3502 4809 οῦ
3539 4757 3612 4826 μὴ
3644 4757 3873 4825 συνεχῶς
3902 4749 3984 4809 οῦ-

2439 4869 2518 4904 τοι
2557 4852 2647 4904 τὸν
2682 4850 2817 4918 ὑπὲρ
2871 4853 2967 4918 τῆς
3019 4850 3298 4911 εὐσεϐείας
3349 4849 3746 4902 ἐπιδείκνυνται
3806 4850 3978 4917 ζῆλον,

2440 4943 2651 4996 κλαίειν
2682 4941 3079 5008 ἀναγκάζοντες
3124 4941 3249 5002 τοὺς
3302 4940 3399 5007 τῆς
3444 4938 3722 4999 εὐσεϐείας
3753 4955 3982 5004 καταγε·

2439 5033 2662 5093 λῶντας.
2687 5029 2841 5086 Οὗτοι
2867 5031 2970 5098 γάρ
2997 5034 3133 5083 εἰσιν
3155 5034 3201 5082 οἱ
3228 5031 3363 5098 πρὸς
3395 5028 3568 5099 Λιϐύῃ
3597 5030 3692 5096 μὲν
3723 5032 3816 5081 καὶ
3845 5031 3984 5096 Καρ-

2444 5123 2624 5192 χηδόνι
2646 5122 2865 5182 πολλαῖς
2890 5123 3142 5190 τριήρεσι
3183 5122 3278 5171 καὶ
3320 5120 3475 5188 πεζῇ
3508 5119 3732 5186 δυνάμει
3761 5123 3854 5188 τὴν
3878 5121 3983 5172 τῶν

2443 5195 2732 5280 βαρϐάρων
2793 5209 2948 5278 ὓϐριν
3015 5211 3380 5279 ἀνείργοντες.
3417 5209 3734 5273 Αἰγυπτίοις
3760 5209 3836 5282 ᾐδὲ
3867 5212 3980 5261 ὲπιυ

2446 5300 2897 5372 στρατεύσαντες,
2930 5303 3020 5355 καὶ
3050 5302 3148 5366 τὴν
3179 5301 3402 5353 ἐκείνων
3444 5301 3982 5379 μητρόπολινπυρδς

2444 5394 2536 5445 καὶ
2571 5391 2778 5460 νεκρῶν
2830 5393 2922 5442 καὶ
2977 5391 3229 5458 ἐρειπίων
3275 5390 3651 5459 ἐμπλήσαντες
3677 5406 3694 5422 °
3730 5390 3909 5442 Ἀσίαν
3927 5390 3982 5445 δ’

2441 5459 2588 5536 οὓτῶ
2603 5459 2926 5550 πλήξαντες,
2960 5481 3088 5534 ὥστ’
3117 5482 3334 5550 ἀγαπᾷν
3368 5484 3418 5537 εί
3458 5484 3532 5550 μή
3559 5497 3609 5532 τι
3644 5481 3942 5549 προσπάθοι
3962 5497 3977 5514 ο

2440 5576 2565 5634 τοὺς
2606 5571 2652 5623 δ’
2699 5573 2756 5623 ὲν
2791 5572 3166 5643 Ἑλλησπόντῳ
3205 5573 3298 5624 καὶ
3337 5571 3657 5640 Προποντίδι
3708 5576 3800 5625 καὶ
3847 5571 3981 5641 πρὸς

2447 5663 2614 5730 μόνην
2637 5661 2737 5729 τὴν
2767 5661 2934 5730 ἀκοὴν
2954 5663 3050 5729 τῆς
3075 5663 3253 5714 αὐτῶν
3280 5664 3561 5730 δυνάμεως
3590 5664 3982 5730 ἀναγκάζοντες

2444 5751 2705 5818 φρίττειν.
2749 5750 2955 5804 Ἀλλων
2983 5751 3038 5803 δέ
3070 5769 3231 5806 τινων
3256 5752 3395 5821 ὑπὲρ
3427 5752 3516 5804 τὸν
3544 5752 3827 5807 Καύκασον
3855 5771 3979 5822 μαι-
