4166 6330
169 311 273 371 υδΊ

1085 322 1368 383 ORATIO
1407 325 1553 383 Ριιο
1594 327 1954 387 SUBSIUIO
1996 315 2467 391 LA'rtNonuu.

3283 338 3396 395 9'30

170 429 262 480 καὶ
306 417 616 490 οἰκία,’καὶ
668 431 844 491 πόλεις
894 433 1217 502 ἀρχόμεναι,
1280 440 1371 488 καὶ
1427 437 1598 505 βῆμα,
1634 441 1726 492 καὶ

1833 440 1966 492 verit
2005 440 2073 493 ab
2114 454 2303 493 eorum
2337 440 2535 493 mentis
2591 442 2868 509 proposito
2900 459 2911 494 :
2947 442 3148 510 cogitet
3190 453 3393 504 tamen,

170 518 457 584 πρόσοδοιο
499 522 594 573 καὶ
622 522 721 575 οὐκ
768 521 832 575 ἄν
883 527 1194 595 τιςοραδίως
1227 528 1439 580 ἐκλίποι
1487 531 1556 581 τά
1589 530 1725 581 οἴκοι

171 605 367 674 σετανά.
934 623 939 627 ’

239 882 349 933 Καὶ
377 881 512 950 πρός
550 898 612 947 γε
654 885 734 935 ἔτι
766 884 861 951 οὐχ
893 879 971 944 εἷς
1000 901 1079 947 τις
1112 863 1241 953 παρ’
1278 888 1458 947 αὐτοῖς
1512 892 1727 943 πάντων
1776 926 1777 929 η

169 968 353 1035 ἄρχων
401 972 512 1029 τοῖς
548 971 726 1032 ἄλλοις
775 971 970 1039 χρῆται
1009 974 1144 1038 πρὸς
1178 975 1246 1026 τὰ
1289 976 1544 1029 δοκοῦντα
1569 993 1583 1008 '
1613 981 1729 1032 ἀλλ’

155 1055 287 1120 ⁵ἔστι
336 1056 432 1124 μὲν
478 1050 521 1124 ᾧ
552 1061 753 1119 πάντες
788 1060 1069 1113 ὑπείκουσι
1118 1064 1323 1130 τάξεώς
1374 1083 1519 1129 τινος
1569 1069 1731 1122 ἕνεκα

170 1147 262 1198 καὶ
294 1150 522 1216 κόσμου,
558 1153 646 1200 καὶ
699 1151 789 1203 τοῦ
848 1152 921 1220 μὴ
953 1154 1255 1222 φύρεσθαι·
1312 1152 1464 1217 οὗτος
1512 1158 1588 1222 δέ,
1621 1160 1729 1211 τῶν

170 1236 398 1302 ἀγώνων
439 1240 728 1306 λυθέντων,
768 1239 977 1304 πολλοῖς
1006 1248 1072 1296 ἂν
1107 1247 1337 1314 ἐκσταίη
1372 1248 1479 1299 τῶν
1511 1247 1603 1298 νῦν
1639 1249 1727 1315 ὑφ’

169 1327 351 1387 αὑτὸν,
385 1329 478 1381 καὶ
506 1330 695 1395 γένους
726 1334 817 1385 καὶ
863 1334 1179 1402 χρημάτων,
1216 1337 1308 1387 καὶ
1336 1338 1430 1403 τῆς
1480 1338 1565 1389 διὰ
1592 1341 1729 1390 πάνυ

168 1438 275 1471 των
309 1420 609 1491 ἁδρότητος
632 1440 645 1454 ·
685 1426 780 1476 καί
810 1426 1150 1479 πλεονεκτεῖν
1202 1427 1503 1497 βουληθεὶς,
1535 1431 1632 1483 οὐκ
1665 1430 1730 1484 ἂν

169 1513 280 1582 ἔχοι
319 1516 413 1566 καὶ
438 1516 559 1578 τοὺς
590 1516 779 1578 ἄλλους
813 1518 1165 1581 ἐπαινοῦντας
1196 1516 1570 1592 τὴνγνώμην.
1605 1523 1730 1576 Οὔτ“

168 1605 257 1657 οὖν
291 1608 498 1667 ἐκεῖνος
529 1610 749 1671 ἀδικῶν,
780 1610 982 1671 πάντας
1010 1612 1386 1678 ἀντιλέγοντας
1434 1614 1576 1684 ἔχειν
1607 1618 1731 1684 βου-

166 1698 416 1767 λήσεται,
464 1700 572 1752 οὒτ’
622 1703 776 1752 αὐτοὶ
823 1704 1035 1773 μικρῶν
1090 1722 1250 1758 τινων
1282 1707 1465 1760 εἵνεκα
1500 1711 1728 1779 πονηροί

166 1808 312 1844 τινες
341 1794 657 1861 αἱρήσονται
686 1794 855 1859 δόξαι.
905 1798 1061 1848 Ἀλλὰ
1098 1799 1204 1867 μὴν
1236 1800 1325 1849 καὶ
1351 1800 1417 1851 τὰ
1442 1801 1549 1852 τιίιν
1579 1803 1729 1869 τριή-
1762 1773 1801 1826 Β

171 1899 282 1949 ρων
310 1882 671 1953 πληρώματα,
722 1883 809 1946 αἶς
848 1888 979 1954 πρὸς
1024 1888 1118 1956 τὴν
1154 1889 1520 1958 μετακομιδὴν
1564 1892 1731 1960 χρῶν-

171 1990 280 2035 ται,
322 1972 378 2035 ἐξ
403 1976 623 2027 ἐκείνων
656 1976 761 2027 εἰσὶ
784 1975 888 2027 τῶν
923 1978 1151 2041 πόλεων,
1184 1973 1258 2031 ὧν
1282 1981 1337 2031 αἱ
1366 1980 1611 2032 ἀποικίαι
1637 1982 1731 2034 καὶ

165 2068 213 2117 οἱ
235 2065 467 2134 ἔμποροι
490 2068 619 2135 ἡμῖν
645 2085 658 2097 ·
689 2070 783 2119 καὶ
814 2070 1014 2133 ἴσασιν,
1041 2070 1113 2130 ὡς
1145 2048 1728 2141 ήμῶεῖκρατηθέντων,

170 2155 542 2208 κεκλεὶσονται
607 2156 705 2226 μὲν
739 2156 918 2218 αὐτοῖς
948 2156 995 2207 οἱ
1050 2158 1303 2224 λιμένες⁹
1343 2161 1443 2229 τῆς
1491 2161 1546 2211 δὲ
1586 2179 1729 2212 σιτο-

168 2245 416 2308 πομπίας
444 2246 625 2312 ἕτερος
655 2243 839 2312 κύριος
884 2243 1067 2296 ἔσται·
1106 2248 1198 2298 καὶ
1237 2250 1332 2317 τῆς
1365 2249 1629 2312 ἀτελείας,
1666 2245 1730 2320 ἧς

164 2332 348 2395 αὐτοῖς
384 2335 848 2405 μεταδεδώκαμεν,
893 2338 1445 2393 ἐκπεσούνται.”Ωσθ’
1495 2342 1611 2412 ἅμα
1670 2361 1728 2395 τε

167 2426 385 2491 ἡπόλις
415 2425 704 2493 ἁλώσεται,
754 2429 845 2481 καὶ
895 2425 1039 2482 οὗτοι
1078 2430 1447 2498 δουλεύσουσι,
1488 2436 1582 2487 καὶ
1631 2436 1730 2487 οὐκ

169 2518 236 2569 ἂν
265 2519 460 2584 ἔχοιεν,
487 2518 673 2589 ὥσπερ
703 2522 868 2590 ημᾶς,
908 2522 1001 2573 καὶ
1026 2522 1247 2587 τούτους
1274 2540 1287 2554 ⁸
1316 2526 1383 2576 τά
1424 2525 1520 2593 μὲν
1551 2526 1731 2594 βιαζό-

175 2628 351 2677 μενοι,
393 2611 458 2661 τὰ
482 2610 536 2662 δὲ
577 2609 852 2671 πείθοντες
886 2612 945 2661 ἐκ
980 2612 1196 2665 πάντων
1228 2613 1501 2675 πλουτεῖν,
1528 2611 1606 2676 οἷς
1629 2616 1733 2682 ἀμ-

170 2703 425 2771 φοτέροις
466 2702 600 2767 πρὸς
630 2703 776 2772 ἡμᾶς
814 2705 901 2753 ἀεὶ
938 2704 1197 2773 χρῶνται.
1232 2704 1440 2758 Οὔκουν
1473 2706 1731 2773 βούλοιντ’

168 2792 234 2844 ἂν
262 2796 345 2855 είς
376 2793 630 2854 τοιαύτας
663 2794 970 2861 ἀμηχανίας
1025 2796 1318 2863 ἐμπίπτειν
1338 2811 1349 2823 ³
1382 2796 1495 2847 ἀλλ’
1521 2796 1729 2847 ἐπιοῦσι

166 2885 269 2954 μὲν
304 2886 414 2946 τοῖς
442 2884 732 2953 βαρϐάρόις
773 2886 865 2936 καὶ
898 2886 1028 2953 ἡμῖν
1049 2886 1299 2956 βοηθοῦσι
1353 2891 1731 2955 συμπνεύσου-

166 2995 251 3029 σιν
271 2993 287 3009 ⁸
323 2980 372 3029 εί
401 2977 456 3029 δὲ
485 2976 797 3038 πλεονάζειν
838 2977 1181 3045 ἐπιχειροῖεν,
1215 2980 1343 3047 ἡμῖν
1378 2979 1576 3046 μ’Ξλλον
1600 2995 1729 3046 προ-

168 3068 481 3135 σθήσονται,
518 3068 610 3118 καὶ
649 3066 765 3134 μεθ’
804 3068 957 3137 ἡμῶν
986 3071 1177 3133 αὐτοὺς
1210 3070 1731 3139 ἀμυνοῦνται.“Επε“ι

168 3160 265 3210 καὶ
294 3158 350 3209 τὸ
375 3160 472 3219 τὰς
498 3160 742 3229 τριήρεις
771 3160 950 3221 αὐτοῖς
977 3164 1299 3227 παρασχεῖν,
1330 3161 1421 3213 καὶ
1446 3161 1542 3227 τῆς
1571 3177 1731 3228 στρα-

164 3250 315 3309 τείας
346 3252 644 3313 κοινωνεῖν,
673 3252 817 3302 τοῦτ’
869 3250 1051 3309 αὐτοῖς
1090 3249 1358 3317 βούλεται,
1408 3249 1469 3300 τὸ
1503 3250 1600 3316 τὴν
1636 3250 1731 3316 μὲν

161 3341 323 3393 πόλιν
374 3340 633 3393 κινδύνων
689 3340 1090 3408 ἀπαλλαγῆναι,
1125 3343 1272 3408 ἡμᾶς
1303 3341 1359 3392 δὲ
1395 3340 1597 3405 ταύτης
1645 3340 1731 3408 βε-

163 3432 334 3491 ϐαίως
364 3430 576 3499 ἄρχειν,
603 3433 697 3482 καὶ
722 3432 782 3482 τὸ
810 3434 1032 3501 ἀρχαῖον
1067 3432 1249 3501 σχῆμα
1284 3435 1395 3494 τοῖς
1446 3433 1729 3501 πράγμασι

163 3520 510 3591 τηρηθῆναι·
540 3523 613 3583 ὡς
637 3521 778 3574 οὕτω
818 3523 867 3588 γ’
897 3522 1080 3585 αὐτοῖς
1105 3523 1366 3591 ἐσομένης
1400 3523 1603 3585 ἁδείας,
1637 3524 1730 3574 καὶ

166 3612 322 3663 πλεῖν
350 3612 469 3664 ὅποι
500 3630 577 3674 τις
632 3613 1024 3682 βούλεταινκαὶ
1053 3615 1117 3666 tit
1164 3614 1290 3665 ὄντα
1316 3613 1484 3665 πλείω
1533 3614 1724 3665 ποιεῖν.

172 3703 261 3767 Ὧς
290 3700 347 3754 εἴ
370 3702 422 3771 γ’
467 3705 550 3771 ἐφ’
578 3706 723 3773 ἡμᾶς
756 3704 909 3774 ἥξειν
957 3703 1153 3765 αὐτοὺς
1191 3704 1469 3767 ὑπενόουν,
1501 3704 1653 3755 αὐτοί
1681 3708 1727 3753 τ’

161 3792 229 3844 ἂν
259 3793 507 3861 φανερῶς
546 3793 867 3861 ἐπολέμουν,
901 3795 994 3845 καὶ
1027 3795 1158 3861 ἡμῖν
1197 3792 1472 3861 παρῄνουν
1519 3791 1724 3859 φυλάτ-

160 3882 377 3934 τεσθαι.
407 3883 470 3933 Ίί
497 3884 674 3934 τοίνυν
724 3883 1109 3952 μαλακώτερον
1140 3883 1234 3936 τοῦ
1292 3884 1522 3953 δύναμιν
1554 3878 1635 3953 ιῆς
1670 3888 1729 3935 τὸ

162 3974 349 4028 πλεῖον
379 3973 498 4043 μεθ’
526 3976 685 4044 ἡμῶν
712 3978 849 4039 ἐστι,
884 3977 1152 4041 ὃεδιὲναι;

232 4250 446 4316 Ὅμως,
505 4249 560 4300 εῖ
584 4264 669 4310 τις
718 4250 899 4308 αὐτοῖς
957 4247 1252 4316 πρόσχηιια
1308 4248 1403 4315 μὲν
1443 4243 1579 4302 εἶναι
1629 4249 1726 4319 τὴν

158 4338 415 4409 βοήθειαν
454 4336 619 4403 λέγοι,
656 4338 717 4389 τὸ
748 4337 789 4388 δ’
822 4336 1038 4405 ἀληθὲς,
1061 4337 1153 4405 τῆς
1187 4338 1356 4406 ἀρχῆς
1389 4338 1727 4405 ἐπιθυμοῦν.

1832 540 1892 583 ιιι
1921 545 2019 584 nec
2050 546 2238 583 eorum
2272 530 2454 599 plures
2501 532 2723 599 privata:
2770 534 2935 586 sortis
2971 533 3216 587 homines
3249 536 3390 600 sint;

1830 621 1923 674 sed
1954 631 2011 671 ιιι
2036 621 2237 690 singuli
2268 621 2489 675 domum
2514 623 2769 686 habeant,
2800 623 3179 692 subjectasque
3208 627 3391 687 urbes,

1828 728 1891 766 ac
1923 713 2182 775 tribunal,
2222 712 2567 780 reditusque;
2622 722 2789 779 utque
2839 729 2946 765 non
2994 714 3150 766 facile
3196 714 3394 783 aliquis

1829 806 2065 867 deserat,
2098 819 2218 871 qua:
2249 805 2392 857 domi
2429 813 2651 871 auguSIa
2695 819 2755 857 ac
2783 804 3038 871 prmelara
3069 804 3251 857 habet.

1902 895 2167 949 Prmterea
2198 895 2379 948 nullus
2409 895 2605 962 aliquis
2639 894 2778 961 apud
2815 893 2934 947 illos
2966 902 3050 947 est
3074 893 3195 947 aliis
3225 895 3397 961 ἰιιιριι-

1830 1000 1978 1049 rans,
2021 986 2223 1053 quique
2268 984 2335 1037 iis
2366 993 2568 1044 utatur.
2603 985 2668 1037 ad
2716 1000 2835 1052 qnze
2869 985 3169 1052 placuerit:
3207 998 3392 1036 verum

1831 1078 1900 1130 sit
1938 1076 2158 1144 quidem
2191 1091 2331 1129 unus
2366 1074 2508 1143 quis,
2542 1076 2630 1128 cui
2676 1075 2883 1129 ordinis
2916 1090 3077 1127 causa
3112 1084 3273 1142 atque
3308 1074 3395 1127 dc—

1832 1171 1994 1231 coris,
2031 1179 2085 1224 et
2121 1178 2179 1223 ut
2211 1185 2279 1223 ne
2312 1170 2381 1223 sit
2410 1168 2675 1231 confusio,
2708 1170 2950 1222 universi
2984 1167 3211 1234 subjecti
3240 1169 3345 1220 sint
3379 1183 3393 1221 :

1833 1271 1891 1312 ut
1920 1270 2094 1312 tamen
2138 1261 2331 1314 solutis
2380 1261 2787 1319 certaminibus,
2833 1259 3019 1312 multis
3072 1274 3262 1311 eorum
3299 1258 3395 1324 'qui

1831 1365 1975 1403 nunc
2020 1350 2067 1403 ei
2102 1350 2482 1419 subjiciuntur,
2513 1350 2731 1419 generis
2784 1349 3066 1402 nobilitate
3094 1363 3155 1400 ac
3189 1347 3397 1399 divitiis

1832 1443 2009 1505 cedat,
2069 1443 2326 1509 omnique
2382 1442 2486 1493 alio
2545 1440 2833 1508 splendore
2894 1455 2955 1493 ac
3013 1440 3395 1491 ornamentis:

1832 1543 1996 1600 atque
2024 1532 2089 1588 is.
2125 1541 2183 1585 ut
2214 1532 2465 1600 injuriam
2506 1532 2634 1583 velit
2673 1531 2895 1601 inferre,
2928 1530 3067 1582 haud
3100 1529 3233 1582 alios
3268 1543 3393 1595 pro-

1834 1622 1992 1689 positi
2039 1622 2347 1675 laudatores
2385 1622 2655 1674 habuerit.
2704 1620 2811 1673 Nec
2854 1636 2983 1688 ergo
3017 1620 3107 1672 ille
3150 1620 3397 1688 injuriam

1839 1712 2062 1776 faciens,
2129 1713 2416 1765 universos
2482 1711 2922 1765 contradicentes
2978 1710 3108 1761 velit
3167 1710 3397 1773 habere;

1830 1817 2005 1869 neque
2031 1802 2065 1853 ii
2091 1802 2161 1855 ob
2181 1802 2376 1870 exigua
2406 1803 2652 1869 quazdatn
2678 1800 2981 1854 commoda.
3006 1799 3152 1867 pravi
3180 1801 3396 1867 quidam

1831 1907 1891 1944 ac
1921 1891 2135 1944 scelesti
2169 1892 2340 1944 videri
2375 1892 2600 1959 eligant.
2642 1892 2781 1954 Quin
2817 1900 2871 1943 et
2910 1889 3108 1942 nautici
3158 1891 3209 1941 in
3245 1889 3400 1941 trire-

1832 1981 2011 2033 mibus
2057 1980 2332 2040 homines.
2382 1982 2581 2049 quibus
2624 1981 2687 2031 ail
2735 1992 3012 2032 vecturam
3051 1988 3300 2042 utuntur,
3336 1994 3399 2031 ex

1830 2072 1938 2125 illis
1967 2081 2094 2125 sunt
2120 2071 2365 2133 urbibus,
2391 2086 2455 2124 ex
2484 2070 2682 2139 quibus
2708 2071 2949 2122 colonias
2979 2084 3041 2122 ac
3070 2077 3401 2121 mercatores

1831 2162 2138 2214 habemus:
2188 2160 2477 2227 sciantque
2526 2162 2639 2211 iure
2694 2168 2749 2210 ut
2783 2158 2940 2211 nobis
2995 2156 3172 2217 vietis,
3210 2168 3399 2223 portus

1830 2253 1907 2306 eis
1937 2252 2284 2313 claudantur,
2333 2251 2581 2319 aliusque
2614 2249 2927 2302 emittenda:
2962 2262 3185 2299 annonae
3237 2258 3398 2313 atque

1834 2340 2093 2393 frumenti
2127 2340 2377 2392 dominus
2404 2340 2511 2392 sit:
2545 2347 2714 2411 atque
2752 2337 3147 2389 immunitatem
3177 2351 3205 2388 a
3230 2336 3397 2387 vecti-

1790 2480 1791 2483 η
1832 2430 2061 2498 galibus,
2095 2445 2256 2498 quam
2307 2430 2388 2481 eis
2440 2428 2830 2491 concessimus,
2873 2427 3123 2479 amittant
3166 2444 3177 2479 :
3238 2437 3399 2493 atque

1832 2523 1968 2576 adeo
2011 2538 2109 2576 nec
2154 2523 2391 2576 futuram
2441 2522 2709 2590 ignorant,
2750 2528 2810 2574 ut
2840 2535 2963 2573 mox
2996 2529 3149 2587 capta
3180 2520 3399 2573 civitate

1831 2613 2088 2667 servituri
2113 2612 2220 2665 sint
2246 2629 2258 2664 :
2292 2626 2390 2664 nec
2416 2612 2558 2664 enim
2588 2611 2661 2662 uti
2691 2623 2790 2662 nos
2816 2612 2896 2661 sic
2923 2608 3043 2661 illos
3071 2608 3399 2671 habuerint;

1831 2720 1936 2773 qua
1970 2704 2116 2757 velut
2160 2704 2234 2767 vi,
2267 2684 2372 2770 qua
2410 2712 2625 2771 sponte,
2661 2717 2726 2755 ex
2763 2702 3020 2755 omnibus
3052 2700 3257 2753 divitiis
3305 2716 3401 2752 au-

1832 2796 1945 2861 geri
1982 2775 2311 2862 quxrcutcs,
2347 2809 2457 2861 quo
2490 2803 2719 2861 utroque
2772 2794 2822 2848 in
2860 2807 2957 2845 nos
2986 2807 3201 2860 semper
3236 2803 3402 2845 utun-

1836 2894 1943 2936 tur.
1983 2883 2135 2935 Haud
2182 2897 2334 2952 ergo,
2385 2884 2459 2936 illi
2510 2886 2561 2935 in
2608 2883 2875 2952 ejusmodi
2928 2883 3202 2951 angustias
3236 2883 3403 2937 velint

1834 2976 2115 3029 incidere:
2147 2976 2278 3044 quin
2315 2986 2371 3029 ut
2403 2978 2454 3032 in
2486 2967 2753 3029 Barbaros
2781 2977 3001 3044 quidem
3032 2976 3308 3035 invadant,
3338 2992 3401 3030 ac

1834 3059 1988 3125 nobis
2020 3072 2375 3129 auxilientur.
2398 3087 2520 3125 cum
2546 3073 2624 3124 eis
2646 3072 3075 3141 conspirabunt:
3111 3072 3191 3125 sin
3218 3081 3400 3124 autent

1836 3163 2088 3231 injuriain
2141 3163 2343 3216 inferre
2396 3162 2746 3227 tentaverint,
2782 3164 2939 3216 nobis
2990 3164 3169 3231 potius
3206 3162 3398 3229 adjun-

1830 3262 2045 3322 gentur,
2076 3269 2139 3307 ac
2167 3253 2313 3320 ipsos
2340 3254 2635 3307 nobiscum
2672 3254 3025 3306 ulciscentur.
3057 3253 3190 3306 Nam
3232 3254 3398 3307 etiam

1833 3341 2121 3408 praebendo
2157 3342 2425 3403 triremes,
2458 3358 2519 3396 ac
2545 3343 2689 3396 'belli
2737 3343 2996 3398 societate
3043 3343 3146 3396 hoc
3186 3345 3395 3405 volunt,

1832 3441 1891 3484 ut
1938 3430 2068 3484 urbs
2115 3432 2335 3500 quidem
2383 3447 2411 3484 a
2467 3430 2725 3500 periculis
2768 3432 3064 3498 liberetur,
3116 3447 3214 3485 nos
3270 3447 3399 3485 vero

1833 3521 2046 3574 ﬁrmum
2078 3521 2196 3589 ejus
2230 3532 2510 3575 teneamus
2540 3522 2851 3590 imperium,
2883 3536 3079 3591 resque
3118 3521 3397 3591 antiquam

1832 3610 2059 3663 formam
2096 3613 2409 3668 retineant:
2443 3614 2584 3682 quod
2614 3614 2685 3667 ita
2721 3615 2893 3668 libera
2939 3613 3170 3669 facultas
3217 3602 3397 3666 futura

1830 3703 1925 3768 sit,
1954 3713 2011 3757 ut
2052 3720 2161 3773 quo
2194 3705 2384 3768 velint,
2424 3699 2540 3759 tuto
2573 3706 2848 3773 navigent,
2893 3716 3233 3774 augeantque
3274 3720 3401 3757 suas

1830 3794 2135 3848 facultates.
2179 3794 2543 3859 Quamobrem
2594 3803 2653 3848 ut
2698 3795 2938 3864 suspicio
2980 3802 3127 3848 esset
3179 3809 3397 3847 movere

1832 3878 1951 3939 illos
1985 3886 2271 3939 adversum
2321 3900 2440 3949 nos,
2472 3886 2649 3955 palam
2690 3886 2791 3955 ipsi
2831 3894 3019 3940 contra
3064 3895 3392 3954 pugnarent,

1830 3974 2077 4030 acnobis
2128 3970 2428 4031 cavendum
2479 3987 2792 4031 monerent.
2826 3976 2967 4041 Quid
3012 3992 3139 4045 ergo
3181 3977 3421 4029 mollius.

1831 4066 2328 4137 eﬂ'eminatiusque,
2356 4083 2517 4136 quam
2552 4078 2611 4121 ut
2638 4068 2893 4120 virtutem
2922 4070 3077 4137 cujus
3112 4067 3391 4121 nobiscum

1828 4171 1953 4224 pars
1978 4157 2210 4209 maxima
2242 4157 2331 4217 sit,
2366 4156 2699 4210 timeamus?

1900 4248 2212 4312 Enimvero,
2240 4260 2297 4301 ut
2328 4249 2451 4318 quis
2476 4249 2557 4303 eis
2596 4250 2857 4303 auxilium
2900 4247 3122 4317 quidem
3165 4250 3389 4318 praetexi

1828 4339 1994 4404 dicat,
2042 4354 2230 4394 revera
2284 4349 2461 4394 tamen
2510 4340 2696 4393 venire
2748 4339 3394 4409 imperandi’cupiditate

156 4447 258 4491 τας
294 4428 507 4496 καὶτῆς
541 4429 768 4488 πόλεως,
794 4420 1047 4498 ἔρχεσθαι
1074 4442 1087 4456 ⁶
1125 4430 1384 4496 πρότερον
1443 4427 1611 4498 ἐχρῆν
1637 4429 1722 4497 ἐφ’

1828 4429 2113 4499 impulsos,
2155 4438 2212 4484 et
2257 4440 2314 4484 ut
2366 4431 2519 4485 urbis
2568 4429 2865 4499 petiantur,
2907 4434 3191 4501 Oportebat
3238 4436 3390 4501 prius

156 4519 371 4571 ἑαυτῶν
427 4516 913 4586 βουλευσαμένους,
960 4518 1182 4571 καὶτὸν
1238 4518 1407 4577 δόλον.
1440 4520 1514 4583 ὡς
1569 4521 1714 4589 ἐνῆν,

160 4610 583 4683 συσκιάσαντας,
620 4610 790 4670 οὕτως
816 4611 1275 4680 ἐπιχειρεῖνηνύν
1313 4614 1357 4664 δ’
1390 4612 1546 4681 ῖσμεν
1589 4616 1718 4677 ὅσας

146 4699 265 4767 -μέν
317 4698 613 4768 πρεσϐείας
686 4704 714 4751 6
778 4699 1025 4775 βασιλεὺς
1099 4702 1191 4753 ἐπὶ
1265 4704 1437 4755 ταῦτα
1503 4706 1721 4773 κεκίνη-

158 4809 276 4854 κεν,
314 4794 471 4851 ὅσους
500 4791 544 4843 δ’
575 4778 731 4843 αὐτοὶ
770 4791 931 4843 πάλιν
982 4794 1408 4846 ἀνταπέστειλαν
1438 4796 1714 4864 πρέσϐεις.

154 4883 677 4959 παρασκευάζεσθαι
728 4885 890 4949 σφᾶς.
924 4884 1017 4937 καὶ
1065 4887 1263 4953 μηκέτι
1299 4886 1585 4955 μελλήσειν
1617 4906 1721 4956 μη-

153 4975 405 5036 νύοντας.
444 4974 606 5027 Ἀλλὰ
642 4978 732 5027 καὶ
766 4976 823 5039 ἐξ
862 4974 1146 5045 Ἰταλίαςὴ
1194 4977 1419 5046 δύναμις
1462 4981 1713 5044 ἐκινεῖτο,

155 5065 252 5118 καὶ
303 5064 425 5115 τότε
470 5065 833 5133 προύπεμψας
863 5066 1053 5135 ἄνδρα,
1104 5068 1439 5135 προεροῦντα
1485 5069 1603 5136 μὲν,
1642 5070 1716 5133 ὠς

152 5156 259 5226 ήδη
286 5155 509 5215 τούτους
535 5157 935 5226 ,προσδέχεσθαι
971 5158 1073 5225 χρὴ
1097 5174 1111 5188 ’
1141 5160 1493 5225 φροντιοῦντα
1535 5161 1591 5212 δὲ
1624 5163 1717 5213 καὶ

151 5245 265 5297 τῶν
291 5244 608 5311 ἀναγκαίων
631 5283 646 5306 ,
681 5248 773 5297 καὶ
820 5247 959 5297 ὅσων
988 5246 1356 5315 στρατεύματι
1391 5249 1490 5303 δεῖ.
1518 5245 1624 5300 Ἦν
1662 5250 1719 5300 δὲ

151 5329 307 5395 οὗτος
332 5335 433 5404 οὐχ
461 5335 489 5387 ὁ
513 5335 685 5402 τυχών
711 5351 723 5366 ·
754 5335 889 5389 ἀλλὰ
922 5339 1192 5400 κάκείνοις
1221 5340 1442 5401 οίκεῖος.
1474 5342 1565 5392 καὶ
1588 5342 1716 5403 παρ’

152 5428 287 5494 ἡμῖν
322 5426 515 5495 συχνὶν
561 5427 868 5496 διατρίψας,
915 5430 1007 5482 καὶ
1043 5433 1233 5500 πεῖραν
1268 5432 1479 5493 εὖνοίας
1506 5432 1581 5499 τῷ
1622 5432 1719 5500 βα-

155 5518 297 5571 σιλεῖ
318 5516 593 5579 δεδωκὼς,
622 5521 716 5573 καὶ
740 5521 804 5574 δι’
828 5512 889 5571 οὗ
918 5521 1134 5587 μάλισθ’
1154 5525 1184 5595 ,ὁ
1213 5524 1465 5589 βασιλεὺς
1496 5523 1717 5585 τούτους

154 5605 373 5661 ἑκάλειξ
398 5606 459 5658 El
488 5608 669 5661 τοίνυν
721 5611 838 5678 μετ’
866 5611 1080 5679 ἀπάτης
1126 5613 1401 5677 ὴὸούλονίν
1430 5615 1562 5681 ἡμῖν
1602 5616 1719 5665 ἐπι-

153 5697 365 5764 θέσθαι,
395 5697 495 5752 τίν*
529 5696 641 5769 εἶχε
673 5701 827 5768 λόγον
851 5704 1033 5765 αὐτοῖς
1061 5705 1346 5775 προλέγειν
1374 5708 1468 5774 τὴν
1492 5703 1675 5774 ἔφοδον
1698 5722 1712 5769 ;

1822 4522 1962 4590 apud
2014 4523 2161 4589 ipsos
2207 4522 2595 4587 deliberantes,
2645 4523 2963 4590 dolumque,
3012 4533 3069 4575 ut
3122 4523 3389 4602 licuisset,

1820 4611 2228 4675 adumbrantes,
2278 4614 2356 4667 sic
2394 4608 2505 4667 rein
2536 4612 2752 4682 aggredi
2784 4630 2797 4666 :
2832 4629 2977 4667 nunc
3007 4629 3135 4667 vero
3184 4614 3390 4668 scimus

1821 4718 1983 4771 quam
2030 4704 2216 4758 multis
2260 4704 2557 4774 imperator
2598 4705 2961 4775 legationibus
2994 4706 3058 4758 ad
3095 4705 3209 4759 haze
3243 4705 3394 4757 viros

1822 4796 2236 4863 provocaverit;
2274 4806 2517 4864 quotque
2552 4796 2628 4848 illi
2676 4796 2916 4849 vicissim
2972 4796 3176 4849 nuntiis
3213 4794 3391 4848 desti-

1820 4884 1984 4946 natis,
2024 4884 2291 4936 adornare
2328 4885 2579 4945 classem,
2633 4900 2734 4937 nec
2777 4900 2834 4938 se
2882 4886 3019 4937 ultra
3079 4893 3391 4937 moraturos

1821 4972 2269 5043 significaverim.
2304 4974 2445 5038 Quin
2472 4976 2582 5041 jam
2614 4975 2860 5029 exercitu
2890 4976 2957 5027 ab
2985 4974 3136 5027 Italia
3175 4988 3390 5026 moven-

1823 5078 1892 5132 te,
1930 5065 2031 5118 sub
2066 5066 2241 5133 ipsum
2287 5066 2579 5121 articulum
2634 5068 2810 5119 virum
2862 5067 3260 5133 praemiserunt,
3292 5066 3385 5131 qui

1822 5156 2034 5223 iamjam
2069 5161 2468 5224 exspectandus
2508 5156 2843 5229 praediceret,
2878 5156 2965 5209 cui
3002 5155 3161 5209 etiam
3199 5169 3389 5208 neces-

1820 5250 2088 5300 sariarum
2138 5262 2266 5300 cura
2303 5248 2663 5309 incumberet,
2697 5262 2760 5301 ac
2801 5249 2854 5301 in
2904 5247 3201 5300 exercitum
3237 5262 3386 5299 com-

1822 5348 2031 5391 meatus
2061 5354 2320 5407 provisio.
2363 5340 2411 5392 ls
2440 5351 2620 5393 autem
2650 5355 2754 5394 non
2788 5340 2950 5391 homo
2976 5337 3211 5406 vulgaris
3237 5348 3378 5397 erat,

1819 5430 1911 5483 sed
1957 5440 2011 5489 et
2062 5433 2195 5498 ipsls
2249 5430 2549 5493 familiaris,
2604 5445 2667 5483 ac
2715 5430 3027 5496 frequenter
3080 5429 3221 5496 apud
3280 5444 3381 5481 nos

1820 5532 2087 5583 versatus,
2114 5521 2315 5589 quique
2358 5522 2636 5575 benevola!
2670 5520 2865 5575 mentis
2904 5521 3177 5590 Specimen
3210 5519 3381 5585 impe-

1822 5612 1986 5665 ratori
2034 5613 2411 5666 exhibuisset:
2449 5613 2604 5683 cujus
2650 5613 2885 5681 denique
2938 5611 3166 5664 maxime
3211 5624 3405 5677 ονε-τοι

1823 5702 2118 5774 imperator
2148 5704 2268 5758 il'os
2299 5705 2609 5761 adverarct.
2641 5703 2919 5774 Siquidem
2966 5716 3092 5768 ergo
3133 5700 3374 5769 fraudem
