4166 6330
731 358 844 418 975

1966 342 2339 405 DEMETRII
2400 342 2707 404 CYDONll

3866 338 3974 402 976

742 463 963 535 quidem
996 460 1296 517 Trinabum
1356 460 1628 525 muniunt,
1660 457 1875 526 aliaque
1903 457 2140 511 obsessa:
2182 456 2305 514 urbi

2413 472 2514 509 των
2543 454 2650 523 γάρ
2673 452 3094 525 καθῃρημένων,
3114 450 3377 521 Τρίναϐον
3406 452 3501 520 μὲν
3525 452 3625 522 ήδη
3648 451 3971 521 τειχίζουσι,

742 555 999 627 praesidio
1050 554 1234 608 futura
1263 552 1552 615 inducunt,
1583 549 1663 603 sic
1710 546 1923 618 liquido
1954 548 2095 616 quod
2129 548 2303 603 inter-

734 650 881 720 jacet
908 647 1180 731 Mysorum
1205 653 1288 699 est
1326 641 1535 711 praeda,
1582 638 1805 693 Barbari
1840 647 2049 701 autem,
2072 637 2304 692 liberius

740 754 935 794 eorum
992 737 1253 792 invadent
1298 747 1491 795 terras,
1524 747 1687 802 quam
1715 732 1897 786 colant
1933 744 2096 791 suas.
2124 745 2305 785 nunc-

742 845 848 899 que
890 830 1023 884 alias
1077 828 1177 896 ipsi
1242 833 1493 896 quierunt
1540 824 1717 891 sedes,
1764 831 2022 891 tanquam
2061 819 2200 875 nihil
2236 819 2304 875 ab

744 923 985 978 hostium
1011 921 1231 976 sedibus
1259 934 1388 974 suas
1415 918 1638 973 dill‘erre
1665 916 1915 972 credant.

812 1103 997 1156 llosne
1015 1114 1167 1169 ergo,
1194 1113 1327 1165 rogo
1355 1105 1426 1159 te,
1458 1095 1585 1150 belli
1616 1095 1793 1149 socios
1823 1091 2066 1147 vocaturi
2092 1105 2306 1157 sumus,

737 1192 940 1262 quibus
986 1191 1030 1245 si
1076 1187 1205 1257 quid
1238 1186 1395 1241 nobis
1436 1185 1719 1239 infortunii
1760 1183 1986 1247 accidat,
2019 1179 2307 1235 commodo

740 1284 813 1335 sit
850 1295 1162 1341 cessmum,
1204 1292 1447 1346 quosque
1502 1276 1657 1329 malis
1706 1273 1933 1335 nostris,
1962 1286 2152 1332 omnes
2184 1286 2308 1340 pro-

741 1385 927 1429 vectos
981 1372 1191 1427 sciant?
1239 1372 1506 1425 Caeterum
1569 1368 1699 1438 quid
1747 1381 1809 1420 ea
1854 1364 2004 1419 dixi?
2058 1362 2308 1431 Optimus

740 1466 887 1519 enim
934 1472 1121 1517 noster
1172 1463 1492 1529 imperator,
1517 1468 1640 1527 post
1674 1458 1874 1511 multas
1911 1454 2207 1525 legationes
2245 1468 2308 1507 ac

742 1557 971 1610 collatus
999 1568 1302 1615 sermones,
1337 1552 1537 1620 quibus
1592 1550 1644 1603 in
1694 1548 1823 1603 belli
1858 1548 2176 1603 societatem
2212 1546 2309 1599 ad-

741 1643 1021 1699 ducendus
1052 1642 1324 1712 sperabat,
1372 1640 1547 1708 ipsum
1592 1639 1783 1700 tilium,
1818 1636 2032 1705 imperii
2062 1634 2305 1688 futurum

740 1750 1141 1795 successorem,
1166 1732 1232 1786 ad
1268 1732 1580 1801 nuptiarum
1627 1729 1830 1782 foedera
1878 1740 2001 1780 cum
2037 1724 2304 1794 principis

2410 548 2505 599 καὶ
2529 546 2674 600 τᾶλλ’
2713 539 2787 600 ὧν
2818 545 2920 598 δεῖ
2956 546 3066 606 τοῖς
3107 543 3606 613 πολιορκουμένοις,
3654 543 3971 609 εἰσάγουσι*

2366 636 2367 641 “
2407 634 2582 698 οὑτως
2610 637 2867 705 ἄντικρυς
2885 634 3087 689 Μυσῶν
3115 634 3232 687 λεία
3256 634 3316 686 τδ
3338 634 3567 705 μεταξύ.
3593 634 3653 687 Ol
3681 632 3735 685 δὲ
3768 631 3977 702 βάρϐα-

2411 744 2491 796 ροι
2532 726 2668 795 μετὰ
2710 704 2949 790 πλείονος
2978 726 3159 779 ἐπίασι
3183 726 3279 797 τὴν
3313 704 3516 787 ἇὺτῶν,
3572 728 3607 794 ἢ
3638 724 3847 778 οίκοῦσι
3871 724 3974 794 τὴν

2408 819 2588 871 αὑτῶν
2610 835 2623 849 ο
2667 822 2761 872 καὶ
2793 818 2886 873 νῦν
2917 819 3084 888 ἀλλην
3120 817 3373 887 ζητοῦσιν
3413 818 3480 887 ἢν
3520 818 3798 884 οἰκήσουσι
3829 815 3938 885 γῆν
3960 832 3973 845 ο

2407 910 2481 972 ὡς
2511 911 2611 978 τήν
2655 926 2719 977 γε
2754 910 2892 964 ίδίαν
2938 910 3087 964 οὐδὲν
3124 909 3223 979 τῆς
3257 908 3523 978 πολεμίας
3575 907 3976 960 πεπιστεύκασι

2407 1000 2709 1069 διαφέρειν.

2478 1093 2711 1155 Τούτους
2732 1095 2931 1156 τοίνυν,
2961 1094 3082 1146 εἰπέ
3137 1111 3247 1162 μοι,
3282 1092 3580 1161 καλέσομεν
3628 1090 3976 1160 συμμάχους.

2407 1181 2509 1247 οἷς,
2528 1185 2592 1238 ἀν
2619 1201 2670 1236 τι
2706 1186 3044 1255 πταίσωμεν,
3064 1183 3281 1254 εὕρημα
3303 1186 3536 1251 γίνεται,
3571 1183 3661 1235 καὶ
3684 1182 3777 1244 οὒς
3803 1181 3981 1235 amv-

2409 1293 2495 1337 τες
2528 1278 2709 1329 ῐσασιν
2769 1278 2832 1329 ὲκ
2862 1277 2969 1330 τῶν
3018 1277 3304 1346 ἡμετέρων
3360 1275 3544 1328 κακῶν
3589 1274 3976 1343 ηὑξημένους;

2411 1368 2602 1419 Καίτοι
2636 1367 2687 1418 τί
2713 1367 2883 1421 ταῦτα
2911 1361 3096 1432 εἷπονς
3151 1367 3210 1419 '0
3238 1366 3345 1435 γάρ
3376 1367 3550 1418 πάντα
3583 1368 3801 1435 ἀριστος
3827 1364 3981 1433 βασι-

2410 1459 2556 1522 λεὺς,
2581 1461 2608 1511 ό
2635 1458 2923 1528 ἡμέτερος,
2948 1459 3109 1527 λέγω,
3141 1459 3279 1526 μετά
3316 1458 3516 1520 πολλάς
3550 1458 3849 1529 πρεσϐείας
3879 1459 3981 1511 καὶ

2409 1549 2622 1616 λόγους,
2652 1544 2730 1611 οἷς
2755 1549 2983 1619 ήλπισεν
3015 1552 3207 1614 αὐτοὺς
3234 1553 3312 1613 είς
3337 1554 3435 1621 τὴν
3463 1551 3783 1619 συμμαχίαν
3812 1566 3985 1617 προσ-

2410 1640 2655 1706 άξεσθαι,
2675 1640 2771 1694 καὶ
2797 1640 2887 1693 τὸν
2919 1639 3031 1693 υίδν
3050 1639 3214 1693 αὑτοῦ
3239 1640 3328 1694 τὸν
3371 1641 3489 1710 μετ’
3520 1626 3680 1693 αὑτὸν
3726 1640 3982 1709 βασιλέα,

2410 1734 2507 1803 τὴν
2542 1732 2814 1802 θυγατέρα
2847 1731 2941 1784 τοῦ
2969 1732 3169 1785 Μυσῶν
3191 1732 3448 1801 ἄρχοντος
3482 1733 3760 1801 ἠνάγκασε
3792 1732 3987 1799 γυναῖ-

742 1829 1008 1898 Mysorum
1058 1826 1200 1889 lilia,
1245 1834 1440 1892 putans
1496 1821 1575 1874 sic
1638 1817 2049 1888 pelliciendum,
2107 1814 2306 1883 adegit.

2413 1842 2479 1877 κα
2508 1825 2709 1888 λαϐεῖν,
2742 1823 2914 1894 ταύτῃ
2946 1824 3146 1893 μᾶλλον
3161 1824 3405 1893 οἰόμενος
3439 1824 3600 1878 αὑτὸν
3624 1824 3983 1891 ἐφέλκεσθαι.

742 1920 907 1987 Atqui
944 1918 1126 1971 sciunt
1157 1931 1374 1975 omnes,
1422 1929 1583 1980 quam
1620 1913 1724 1965 hoc
1772 1910 2109 1979 conjugium,
2134 1908 2307 1976 impe-

740 2012 909 2064 ratori
994 2009 1215 2076 quidem
1282 2005 1540 2060 dedecori
1620 2002 1819 2067 fuerit,
1871 2017 1932 2061 ac
1983 2001 2305 2071 abjectioni,

740 2074 1026 2172 quamque
1050 2100 1126 2153 illi
1162 2098 1345 2167 gloria!
1376 2112 1437 2150 ac
1483 2094 1783 2164 splendori.
1819 2094 2030 2162 Ergone
2060 2100 2205 2145 tanta
2242 2092 2311 2145 ab
2354 2074 2357 2077 γ

743 2195 1074 2261 imperatore
1101 2190 1272 2258 gratia
1305 2188 1514 2245 donati.
1542 2185 1760 2239 reveriti
1793 2194 1919 2239 sunt
1959 2182 2308 2247 beneﬁcium,

746 2299 809 2338 ac
834 2283 917 2336 vel
953 2283 1240 2334 minimum
1293 2278 1424 2348 quid
1471 2278 1538 2331 ad
1580 2274 2043 2331 remunerationis
2073 2273 2311 2343 speciem

745 2375 1000 2429 centerre
1031 2371 1377 2441 cogitarunt?
1409 2367 1561 2423 Haud
1600 2368 1758 2436 plane
1789 2386 1801 2421 :
1840 2366 2052 2421 tametsi
2076 2364 2310 2419 necdum

748 2466 1034 2520 conciliata
1067 2462 1347 2527 allinitate,
1376 2462 1557 2515 omnia
1594 2461 2024 2529 pollicebantur;
2055 2473 2118 2512 ac
2148 2466 2311 2526 quot-

748 2564 881 2623 quot
916 2553 1178 2622 prumissa
1220 2550 1559 2605 [innantibus
1598 2563 1790 2603 eorum
1828 2547 2186 2602 sacramentis
2218 2544 2315 2597 ad-

749 2644 1012 2699 hibebant
1058 2644 1321 2707 animum,
1352 2642 1617 2709 optimum
1655 2639 1841 2693 iniisse
1894 2637 2181 2691 consilium
2217 2637 2316 2690 im-

750 2745 1059 2802 peratorem
1112 2732 1466 2786 alIirmarent.
1514 2730 1808 2784 Enimvero
1844 2744 1967 2783 cum
2020 2730 2315 2782 necessitas

747 2830 991 2883 vocaret,
1050 2835 1116 2872 ne
1174 2819 1379 2878 navim,
1441 2832 1509 2870 ne
1565 2818 1825 2886 equitem,
1887 2832 1955 2870 ne
2013 2817 2314 2884 simplicem

749 2905 1003 2967 militem,
1036 2919 1103 2957 ne
1142 2918 1306 2957 unum
1361 2902 1581 2956 obolum
1638 2902 1983 2971 protulerunt
2024 2918 2036 2952 :
2079 2904 2209 2970 quin
2243 2902 2315 2955 ita

748 2996 805 3050 in
840 2996 1000 3048 linem
1032 3010 1201 3064 usque
1251 2992 1494 3063 improbe
1522 2992 1625 3046 sibi
1664 2992 1933 3061 agendum
1965 2999 2312 3061 putaverunt,

750 3099 813 3143 ut
865 3104 987 3142 cum
1046 3089 1339 3156 imperator
1411 3085 1463 3139 in
1527 3085 1799 3155 illyricum
1856 3098 1918 3137 ac
1982 3083 2314 3136 Pannoniam

750 3178 1017 3250 proficisci
1048 3177 1397 3240 decrevisset,
1449 3177 1667 3245 ipseque
1703 3190 1801 3243 per
1847 3174 1992 3229 viros
2051 3173 2311 3227 inducere

752 3277 814 3321 ut
864 3266 1193 3320 vindicando
1249 3266 1447 3319 auxilia
1521 3264 1745 3330 darent;
1808 3267 2042 3334 primum
2092 3265 2311 3335 quidem

753 3358 829 3410 illi
866 3356 1001 3409 nihil
1034 3372 1141 3409 non
1172 3355 1462 3420 moverint,
1493 3355 1692 3424 quibus
1721 3356 1788 3409 ab
1817 3356 2080 3426 ejusmodi
2107 3357 2312 3424 optimo

751 3448 983 3501 consilio
1040 3446 1425 3499 retrahendum
1485 3454 1769 3513 sperarent
1807 3463 1821 3499 :
1856 3446 1948 3499 ubi
1999 3453 2179 3499 autem
2214 3446 2315 3497 mi-

752 3538 898 3591 nime
959 3538 1360 3607 persuasissent
1408 3536 1702 3590 annuerint
1758 3536 2000 3605 quidem,
2050 3551 2112 3590 ac
2171 3544 2314 3589 recte

752 3626 955 3680 habere
990 3626 1133 3694 quod
1162 3627 1466 3679 consultum
1506 3635 1651 3679 esset
1680 3625 1805 3678 fassi
1836 3625 1982 3688 sint;
2018 3639 2179 3693 quam
2203 3624 2314 3678 cito

757 3730 937 3771 tamen
1003 3733 1139 3786 quas
1190 3716 1315 3769 inde
1376 3715 1621 3770 licuisset
1678 3716 2039 3770 adduéentem
2110 3714 2311 3783 copias,

756 3808 956 3861 reverti
994 3805 1338 3869 monuerint;
1368 3805 1512 3874 quod
1547 3803 1815 3873 reliquum
1863 3804 2142 3857 videretur
2164 3803 2314 3872 adje-

755 3908 942 3951 cturos
971 3912 1049 3958 se.
1083 3912 1146 3951 ac
1184 3898 1391 3949 alacres
1424 3889 1611 3949 sociali
1647 3895 1788 3948 bello
1822 3894 2055 3956 futuros,
2086 3880 2315 3962 ejusque

757 3988 928 4055 gratia
978 3987 1114 4040 nihil
1166 4002 1272 4041 non
1311 3986 1615 4041 molituros.
1641 3986 1815 4055 Atque
1844 3985 1960 4040 haec
1992 3984 2208 4055 quidem
2240 3985 2317 4037 illi

744 4078 1172 4147 pollicebantur.
1202 4079 1345 4132 Num
1376 4086 1559 4132 autem
1591 4078 1770 4133 verbis
1803 4093 1890 4133 res
1915 4076 2315 4146 responderint.

757 4179 907 4221 certo
937 4182 1099 4222 nosse
1135 4168 1279 4231 licet,
1304 4184 1369 4221 cx
1403 4168 1471 4222 iis
1497 4183 1613 4237 qua:
1638 4168 1973 4222 acciderunt.
1999 4166 2136 4221 Olim
2168 4166 2313 4220 enim

758 4257 981 4312 Barbari
1012 4261 1264 4315 veniente
1314 4260 1639 4327 imperatore
1672 4273 1861 4328 paruas
1889 4259 2183 4323 dedissent,
2210 4257 2313 4313 nisi

759 4348 841 4401 illi
875 4348 1037 4401 sociis
1090 4362 1153 4402 ac
1199 4346 1668 4402 commilitonibus
1700 4346 1816 4399 vias
1863 4343 2314 4406 interclusissent,

2413 1914 2594 1967 Καίτοι
2632 1916 2831 1977 πάντες
2867 1916 3067 1980 ίσασιν,
3099 1917 3228 1985 ὅσην
3270 1916 3298 1967 ὁ
3331 1916 3507 1983 γάμος
3536 1909 3687 1977 οὗτος
3715 1915 3793 1983 τῷ
3826 1915 3985 1982 βασι-

2411 2005 2493 2056 λεῖ
2520 2005 2619 2073 μὲν
2644 2005 2862 2071 ἀδοξίαν
2895 2006 2988 2057 καὶ
3012 2005 3603 2075 ταπεινότητα,ὲκείνῳ
3633 2004 3690 2055 δὲ
3723 2004 3987 2056 εὑκλειαν

2412 2092 2663 2163 ἤνεγκεν.
2696 2090 2824 2164 Ἆρ’
2854 2093 2945 2145 οῦν
2975 2094 3230 2164 τοιαύτης
3269 2096 3451 2157 αὑτοῖς
3474 2097 3693 2163 χάριτος
3713 2097 3806 2149 τοῦ
3829 2093 3987 2161 βασι-

2413 2186 2545 2247 λέως
2584 2186 2948 2257 ὑπάρξαντος,
2976 2185 3323 2255 ᾐσχύνθησαν
3355 2187 3452 2253 τὴν
3488 2187 3831 2254 εὐεργεσίαν,
3886 2184 3987 2237 καί

2412 2291 2463 2325 τι
2495 2277 2589 2330 καὶ
2616 2276 2743 2341 παρ’
2793 2275 2971 2327 αὑτῶν
3013 2274 3201 2343 σχῆμα
3238 2273 3366 2341 γοῦν
3395 2274 3631 2343 ἀμοιϐῆς
3670 2274 3791 2342 ἔχον
3825 2274 3989 2340 γενέ-

2417 2364 2539 2417 σθαι
2594 2366 2979 2435 διενοήθησαν;
3016 2364 3300 2433 Οὐδαμῶς.
3363 2367 3555 2417 Καίτοι
3593 2365 3695 2435 πρὸ
3728 2365 3831 2432 τῆς
3881 2381 3988 2431 κη⁹

2413 2460 2559 2522 δείας
2589 2459 2747 2512 πάνθ’
2797 2455 3156 2526 ὑπισχνοῦντο
3178 2472 3190 2486 ·
3239 2456 3331 2509 καὶ
3364 2456 3561 2518 πάντες
3592 2459 3671 2518 είς
3714 2456 3802 2518 οὓς
3839 2457 3988 2525 ὑπὲρ

2414 2550 2621 2602 τούτων
2670 2547 2928 2616 ὤμνυσαν
2984 2548 3181 2615 ὅρκους
3231 2546 3486 2617 ὁρῶντες,
3516 2546 3695 2609 καλῶς
3737 2546 3990 2614 ἔφασκον

2419 2638 2798 2709 βεϐουλεῦσθαι
2822 2638 2915 2691 τδν
2948 2637 3190 2704 βασιλέα.
3235 2636 3395 2689 Ἀλλά
3424 2638 3521 2705 τῆς
3553 2637 3742 2706 χρείας
3786 2636 3991 2689 καλού·

2420 2746 2538 2797 σης,
2583 2728 2640 2779 οὑ
2692 2725 2857 2790 ναῦν,
2889 2725 2989 2792 οὑχ
3024 2725 3217 2787 ίππέα,
3252 2724 3347 2794 οὑχ
3393 2725 3619 2794 ὁπλίτην
3661 2724 3841 2793 ψιλὸν,
3884 2726 3992 2779 οὑκ

2416 2816 2598 2870 ὀϐολὸν
2630 2816 2726 2869 ἕνα
2759 2816 3004 2885 προεῖντο
3029 2828 3043 2842 ⁸
3072 2814 3184 2866 ἀλλ’
3214 2812 3358 2867 οὑτω
3385 2814 3474 2869 διὰ
3502 2814 3687 2877 τέλους
3720 2816 3989 2884 ἀγνωμο-

2417 2912 2526 2962 νεῖν
2554 2907 2720 2978 ᾤοντο
2746 2907 2877 2971 δεῖν,
2904 2907 2978 2969 ὠς
3026 2908 3120 2959 καὶ
3149 2906 3242 2958 τοῦ
3276 2905 3541 2975 βασιλέως
3568 2908 3652 2959 ἐπ’
3680 2908 3991 2975 Ἰλλυριοὺς

2418 3001 2510 3053 καὶ
2566 3000 2796 3060 Παίονας
2831 2998 3131 3067 ἀποδημεῖν
3164 3000 3484 3065 ἐγνωκότος,
3541 3000 3636 3051 καὶ
3669 2999 3735 3051 δι’
3783 2999 3989 3052 ἑαυτοῦ

2414 3088 2627 3141 πείθειν
2668 3086 3071 3155 ἐπιχειροῦντος
3102 3085 3332 3159 ἀμύνειν
3369 3086 3540 3155 αύτῷ,
3572 3088 3721 3139 αὑτοὶ
3760 3087 3992 3156 πρῶτον

2419 3180 2517 3249 μὲν
2553 3178 2707 3230 πάντ’
2739 3178 2971 3239 ἐκίνουν,
3005 3177 3070 3228 δι’
3103 3172 3175 3231 ὧν
3202 3176 3427 3245 ήλπιξον
3456 3176 3620 3229 αὑτὸν
3647 3178 3993 3247 ἀποστήσειν

2412 3272 2520 3323 τῶν
2554 3269 2732 3331 καλῶς
2766 3269 3119 3335 ἐγνωσμένων
3143 3286 3154 3301 ·
3207 3267 3280 3330 ὡς
3309 3268 3351 3319 δ’
3387 3269 3487 3320 οὑκ
3525 3267 3761 3330 ἔπειθον,
3796 3270 3987 3323 ἐνδόν-

2413 3378 2524 3426 τες,
2556 3362 2650 3414 καὶ
2682 3360 2860 3421 καλῶς
2890 3359 3032 3427 ἔχειν
3065 3358 3312 3420 είπόντες
3330 3359 3401 3411 τά
3435 3359 3855 3428 βεϐουλευμένα,
3882 3361 3991 3430 τὴν

2413 3449 2671 3515 ταχίστην
2710 3446 3068 3513 ἀναστρέφειν
3105 3443 3399 3513 παρῄνουν,
3460 3446 3591 3515 ὅσην
3644 3448 3710 3499 ἀν
3754 3448 3993 3516 δύνηται

2413 3538 2644 3606 δύναμιν
2676 3536 3011 3604 ἐπαγόμενον
3031 3550 3043 3563 °
3086 3535 3185 3603 τὴν
3212 3535 3266 3586 δὲ
3299 3537 3489 3605 λοιπὴν
3523 3537 3855 3607 προσθήσειν
3883 3541 3994 3593 αὑ-

2415 3631 2561 3692 τοὺς,
2594 3630 2687 3682 καὶ
2731 3627 3313 3698 συμπροθυμήσεσθαι,
3377 3630 3471 3680 καὶ
3517 3628 3691 3681 πάντα
3748 3632 3992 3699 πράξειν

2416 3721 2554 3790 ὑπὲρ
2585 3720 2771 3774 αὑτοῦ.
2828 3719 3012 3773 Ταῦτα
3047 3719 3143 3787 μὲν
3185 3713 3323 3792 ἦσαν
3357 3721 3414 3771 ὲν
3458 3713 3537 3781 οἷς
3585 3721 3986 3789 ὑπισχνοῦντο·

2416 3814 2464 3865 εἰ
2491 3812 2535 3864 δ’
2566 3808 2645 3874 οἷς
2672 3812 2877 3878 ἔλεγον,
2910 3812 3005 3863 καὶ
3024 3810 3091 3861 τά
3122 3812 3229 3863 ἀπὸ
3257 3809 3362 3862 τῶν
3387 3812 3726 3879 πραγμάτων
3757 3814 3991 3881 συνέϐη,

2416 3901 2623 3966 ἔξεστιν
2657 3902 2719 3952 ὲκ
2752 3901 2857 3952 τῶν
2876 3898 3192 3951 ἀποϐάντων
3216 3900 3310 3966 τὴν
3330 3900 3635 3970 μαρτυρίαν
3658 3902 3986 3970 λαμϐάνειν.

2420 3992 2593 4045 Πάλαι
2624 3990 2730 4059 γὰρ
2748 3992 2811 4042 ἂν
2840 3989 2994 4058 δίκην
3020 3988 3204 4041 ἔδοσαν
3236 3991 3283 4040 oi
3306 3989 3569 4058 βάρϐαροι
3596 3991 3689 4044 τοῦ
3716 3994 3993 4061 βασιλέως

2418 4069 2770 4141 ὲλθόντος,“ἐί
2806 4076 2880 4147 μὴ
2930 4080 3041 4137 τοῖς
3095 4078 3403 4145 συμμάχοις
3457 4071 3603 4132 οὗτοι
3648 4080 3744 4143 τὰς
3777 4081 3991 4144 διόδους

2420 4168 2773 4231 ἀπέκλεισαν,
2832 4167 2922 4218 καὶ
2974 4167 3097 4228 τοὺς
3156 4166 3465 4236 βαρϐάρους
3499 4170 3630 4237 ἡμῖν
3663 4169 3757 4222 τοῦ
3787 4171 3992 4241 θέρους

2420 4260 2719 4329 ἐπήγαγον,
2742 4256 2928 4309 οὐδένα
2962 4256 3144 4309 λοιπὸν
3168 4257 3426 4319 δεδιότας.
3457 4258 3609 4309 Ὤστ’
3638 4261 3789 4324 είτις
3816 4262 3991 4331 ἀχθε-

2419 4365 2509 4399 ται
2542 4348 2651 4407 toi;
2683 4347 2944 4415 παροῦσι.
2983 4346 3193 4409 τούτοις
3252 4348 3349 4414 τὴν
3414 4350 3594 4401 αἰτίαν
3636 4351 3742 4402 τῶν
3793 4353 3994 4403 κακῶν

758 4437 924 4504 inque
984 4450 1083 4489 nos
1137 4446 1343 4501 aestate,
1396 4436 1535 4489 nihil
1588 4437 1697 4504 jam
1758 4438 2008 4488 timentes
2050 4432 2313 4487 Barbaros

2424 4436 2737 4506 λογιζέσθω.
2779 4438 2942 4497 Ὠς-ετ
2972 4435 3021 4503 γ’
3052 4438 3308 4506 ἐμμένειν
3353 4432 3497 4491 οὗτοι
3527 4443 3636 4502 τοῖς
3668 4442 3994 4511 ὑπεσχημέ-

757 4529 1133 4583 immisissent.
1158 4524 1519 4595 Quamobrem
1548 4528 1591 4581 si
1628 4528 1751 4597 quis
1786 4542 1967 4581 rerum
2002 4533 2320 4594 praesentem

672 4638 675 4639 '
758 4629 961 4681 statum
1009 4622 1237 4674 moleste
1290 4620 1476 4683 habet.
1510 4620 1776 4673 malorum
1811 4620 1891 4673 eis
1930 4619 2160 4686 imputet
2196 4630 2325 4669 cau-

760 4724 899 4761 sam.
924 4709 1101 4777 Atque
1134 4708 1297 4772 adeo,
1332 4709 1483 4761 utilli
1519 4707 1818 4762 voluissent
1846 4707 2125 4777 promissis
2156 4716 2320 4768 stare.

760 4813 871 4851 non
911 4798 1082 4851 modis
1106 4798 1359 4852 omnibus
1392 4812 1478 4851 res
1505 4796 1837 4851 confundere
1863 4812 1924 4850 ac
1951 4796 2321 4865 pessumdare,

762 4888 892 4940 olim
934 4902 1034 4941 nos
1077 4902 1105 4939 a
1150 4886 1515 4940 Barbarorum
1569 4887 1769 4957 injuria
1819 4886 1980 4940 liberi
2016 4899 2322 4954 ageremus,

763 4978 1020 5047 omnique
1051 4977 1442 5046 tranquillitate
1479 4978 1641 5032 urbes
1674 4978 2058 5032 incolercmns.

830 5067 963 5132 Quis
1013 5083 1166 5136 ergo,
1198 5058 1300 5122 nisi
1349 5066 1574 5121 insanus
1626 5077 1730 5127 est.
1766 5068 1849 5121 vel
1891 5067 2166 5121 modicum
2192 5065 2325 5135 quid

758 5160 830 5214 ab
868 5158 976 5212 illis
1018 5160 1341 5227 speraverit,
1371 5158 1571 5228 quibus
1606 5166 1789 5212 nostra
1843 5159 2003 5221 mala,
2034 5173 2131 5213 sua
2180 5159 2329 5229 ipso-

767 5266 887 5303 rum
946 5252 1118 5303 salute
1169 5250 1563 5304 chariora.sint
1612 5264 1675 5303 ac
1709 5249 2010 5304 studiosius
2063 5248 2327 5317 quaesita?

766 5341 1046 5411 Siquidem
1078 5357 1209 5410 ergo
1260 5350 1319 5395 ut
1372 5339 1601 5411 Scythas
1628 5341 1787 5395 nobis
1816 5341 2175 5395 auxiliatores
2201 5356 2328 5411 spe-

766 5451 970 5501 remus,
1002 5450 1203 5488 vanum
1238 5442 1350 5498 est;
1385 5444 1442 5488 ut
1486 5433 1733 5487 Tribalos
1764 5433 2091 5498 ridiculum;
2126 5442 2188 5488 ut
2217 5434 2327 5504 My-

759 5540 855 5579 sos
882 5526 1016 5578 nihil
1041 5525 1107 5578 ad
1135 5510 1286 5591 spem
1319 5525 1661 5578 commodum
1683 5563 1697 5587 ,
1730 5524 1905 5578 nostri
1935 5539 2067 5579 vero
2094 5539 2325 5593 quorum

765 5615 977 5685 pridem
1014 5614 1185 5668 virtus
1229 5612 1439 5668 defecta
1474 5614 1565 5679 sit,
1595 5615 1741 5667 nulla
1778 5614 1915 5681 ratio
1944 5615 2192 5669 habenda
2222 5623 2324 5681 est,

780 5721 940 5776 quem
983 5706 1232 5775 praesenti
1267 5705 1523 5775 deinceps
1570 5706 1788 5776 negotio
1816 5700 2194 5762 auxiliatorcm
2231 5721 2325 5761 vo-

2425 4544 2532 4590 νοις
2568 4527 2874 4589 ἐϐούλοντο,
2922 4529 3014 4578 καὶ
3064 4530 3138 4596 μὴ
3168 4529 3340 4580 πάντα
3368 4530 3567 4599 τρόπον
3625 4534 3842 4599 συγχεῖν
3890 4536 3994 4585 καὶ

2424 4621 2759 4690 διαφθείρειν
2797 4620 2864 4671 τὰ
2898 4619 3214 4693 πράγματα,
3245 4621 3410 4674 πάλαι
3442 4622 3508 4673 ἂν
3559 4623 3714 4690 ἡμεῖς
3745 4621 3842 4689 τῆς
3874 4624 3993 4675 τῶν

2427 4710 2720 4780 βαρϐάρων
2752 4708 2960 4774 ὕϐρεως
3002 4710 3395 4783 ἀπηλλάγμεθα
3414 4749 3430 4776 ,
3460 4712 3555 4765 καὶ
3605 4710 3723 4779 μεθ’
3750 4711 3990 4783 ἡσυχίας

2426 4802 2521 4865 τάς
2551 4800 2735 4864 πόλεις
2769 4798 3040 4870 ᾠκοῦμεν.

2498 5072 2591 5149 Τίς
2617 5068 2730 5136 οὑν,
2764 5070 2919 5133 εἷ’τις
2949 5067 3026 5138 μὴ
3077 5072 3344 5140 μαίνοιτο,
3376 5068 3599 5140 μέτριον
3638 5069 3711 5123 ἀνι
3747 5085 3798 5120 τι
3827 5072 3985 5139 παρά

2425 5161 2632 5214 τούτων
2682 5162 2919 5227 ἐλπίσαι,
2970 5155 3051 5223 οἷς
3098 5161 3169 5213 τὰ
3200 5159 3439 5229 ἡμέτερα
3491 5160 3635 5213 κακά
3670 5161 3771 5229 τῆς
3801 5159 3989 5212 αὑτῶν

2429 5254 2702 5322 σωτηρίας
2725 5252 2925 5323 μᾶλλον
2949 5251 3335 5317 σπουδάζεται;
3370 5252 3577 5305 Οὑκοῖη
3609 5254 3657 5305 εί
3684 5251 3745 5304 τὸ
3769 5248 3985 5315 Σκύθας

2406 5346 2526 5414 μὲν
2552 5346 2681 5414 ἡμῖν
2708 5345 2921 5413 βοηθεῖν
2951 5344 3138 5409 ἕωλον,
3171 5345 3343 5411 γέλως
3380 5344 3434 5397 δὲ
3465 5346 3495 5413 ή
3520 5342 3808 5413 Τριϐαλῶν
3844 5359 3988 5413 συμ-

2430 5437 2624 5503 μαχία,
2677 5436 2975 5486 ἀνέλπιστα
3018 5434 3072 5485 δὲ
3125 5434 3193 5486 τὰ
3224 5434 3448 5499 Μυσῶν,
3501 5435 3648 5504 ήμᾶς
3685 5432 3731 5485 δ’
3757 5428 3823 5487 αὑ
3862 5434 3989 5488 οὑδὲ

2429 5524 2881 5594 προσλογίζεσθαι
2902 5526 3007 5594 χρὴ
3032 5525 3199 5577 πάλαι
3225 5526 3593 5595 ἀπειρηκότας
3614 5539 3629 5554 ·
3663 5524 3783 5577 τίνα
3800 5525 3994 5579 λοιπὸν

2429 5615 2727 5683 καλέσομεν
2751 5616 3035 5685 σύμμαχον
3062 5618 3154 5667 ἐπὶ
3177 5617 3246 5668 τὰ
3274 5618 3548 5686 παρόντας
3598 5614 3672 5668 Οὑ
3688 5614 3797 5684 γάρ
3816 5615 3994 5685 δήπου

2392 5726 2395 5731 ’
2430 5706 2797 5779 Μασσαγέτας
2831 5706 3133 5777 ἀξιώσομεν
3163 5707 3303 5779 δεῦρ’
3336 5709 3511 5776 ήκειν,
3555 5708 3999 5777 μετασχήσοντας
