4166 6330
300 346 412 407 ST]

1243 353 1525 415 ORATIO
1562 356 1709 416 PRO
1750 358 2105 419 SUBSIDIO
2146 358 2615 419 LATINORUM.

3424 361 3544 424 978'

297 452 696 525 τοῦπολέμου·
730 458 760 526 ἦ
792 456 925 525 πρὸς
946 460 1071 524 τοὺς
1100 461 1195 530 τὴν
1220 463 1322 526 ἔξω
1349 462 1565 531 Στηλῶν
1596 462 1857 516 θάλατταν

1969 470 2273 521 caverimus
2294 468 2317 520 ?
2342 468 2479 521 Num
2514 468 2648 520 forte
2676 464 3129 536 Massagetas‘huc
3156 464 3344 519 adesse
3378 481 3536 535 roga-

296 548 584 611 οῖκοῦντας
615 550 905 620 πέμψομεν
943 555 1232 623 πρέσϐεις;
1287 556 1596 625 Συμϐούλου
1628 556 1673 608 δ’
1719 554 1857 609 εἶναι

294 640 368 691 οὐ
414 642 526 703 τοῖς
582 641 679 710 μὲν
716 642 806 695 ὑπ’
834 644 1007 697 ἀλλων
1042 645 1353 714 λεγομένοις
1393 650 1671 718 ἐπιτιμᾷν,
1702 649 1864 701 αὑτὸν

293 730 347 783 δ’
379 730 415 786 ἃ
466 734 701 786 συνοίσει
751 734 825 804 μὴ
868 736 1082 799 λέγειν’
1126 736 1242 789 ἀλλ’
1286 740 1607 791 ἀντειπόντα
1652 740 1763 800 τοῖς
1796 739 1857 790 οὐ

292 823 486 886 καλῶς
515 825 763 878 δοκοῦσιν
810 827 1060 895 εἰρῆσθαι
1108 830 1391 899 πρότερον,
1442 830 1603 882 αὐτὸν
1634 829 1860 897 ὓστερον

291 916 367 981 τῇ
394 914 586 985 γνώμῃ
618 919 861 985 κρατεῖν.
892 918 1082 970 Καίτοι
1121 920 1441 987 ἀντεροῦσιν
1478 921 1525 971 oi
1558 920 1722 988 μηδὲν
1747 920 1865 971 ’ἐτε-

295 1021 394 1072 ρον
434 1008 490 1057 ἐν
546 1010 609 1077 τῇ
662 1008 814 1059 πόλει
845 1010 1229 1078 συμϐουλεύειν
1265 1011 1608 1073 σκοποῦντες,
1648 1012 1681 1080 ἢ
1715 1012 1862 1072 ὅπως

289 1098 410 1157 τοῖς
437 1097 509 1166 μὴ
545 1100 609 1151 τά
647 1099 889 1152 δοκοῦντ’
920 1103 1100 1165 αὐτοῖς
1132 1103 1380 1168 λέγουσιν
1402 1102 1741 1171 ἀντεροῢσιν.

1966 558 2168 619 bimus,
2200 558 2363 625 inque
2418 559 2540 612 belli
2588 558 2901 612 societatem
2934 556 3167 611 venire?
3199 556 3279 609 vel
3308 555 3529 609 nuntios

1974 646 2037 700 ad
2072 662 2167 709 eos
2212 647 2511 711 mittemus,
2544 648 2637 715 qui
2694 647 2903 701 insulas
2938 662 3001 701 ac
3040 660 3187 699 mare
3236 655 3384 700 extra
3423 645 3530 699 Co-

1965 724 2181 789 lumnas
2239 736 2522 790 habitant?
2556 737 2725 791 Porro
2757 747 2935 789 autem
2975 735 3270 789 consiliarii
3306 736 3396 795 sit,
3419 750 3525 786 non

1979 835 2039 880 ut
2069 827 2134 880 ab
2157 826 2277 881 aliis
2302 826 2444 880 dicta
2471 828 2877 895 vituperaverit,
2911 826 3047 880 nihil
3081 841 3211 879 vero
3244 827 3357 893 ipse
3383 822 3526 892 quod

1966 935 1997 973 c
2064 933 2123 972 re
2173 919 2263 980 sit,
2322 934 2385 973 ac
2456 917 2799 972 conducibile
2847 918 3065 980 dixerit,
3094 917 3186 970 sed
3247 917 3434 984 magis,
3471 922 3529 965 ut

1968 1012 2122 1077 prius
2172 1008 2422 1063 refutatis
2456 1025 2575 1077 quae
2612 1025 2718 1062 non
2756 1009 2894 1064 bene
2927 1008 3069 1063 dicta
3108 1008 3383 1065 videntur,
3412 1005 3528 1072 ipse

1968 1100 2313 1170 postmodum
2377 1104 2647 1154 sententia
2700 1101 3037 1169 superaverit
3081 1115 3094 1152 :
3149 1096 3359 1152 tametsi
3400 1102 3529 1149 sunt

291 1190 716 1256 contradicturi,
742 1194 834 1260 qui
871 1194 1006 1247 nihil
1041 1195 1184 1248 aliud
1221 1196 1272 1249 in
1304 1195 1526 1249 civitate
1558 1193 1868 1248 deliberant
1906 1204 1969 1244 ac
2034 1190 2247 1245 consilii
2284 1189 2493 1255 ineunt,
2557 1205 2717 1259 quam
2749 1200 2809 1243 ut
2852 1190 2938 1254 iis,
2966 1190 3057 1257 qui
3100 1191 3276 1243 minus
3309 1189 3525 1257 placen-

295 1280 372 1333 tia
400 1280 658 1345 dixerint,
689 1286 1092 1339 contradicunt.

379 1372 521 1439 Ἐγὼ
554 1373 609 1425 δὲ
641 1377 859 1444 πρῶτον
892 1378 1011 1448 μὲν,
1036 1374 1079 1431 ὦ
1111 1380 1323 1452 ἄνδρες,
1354 1378 1646 1448 ἀξιώσαιμ’
1664 1379 1859 1442 αὐτοὺς

288 1463 492 1531 λέγειν,
527 1467 579 1516 εί
606 1483 658 1518 τι
706 1470 817 1530 τοῖς
847 1471 1182 1538 ἐίρημένοις
1230 1472 1548 1539 ἐπιτιμῶσι,
1606 1473 1701 1525 καὶ
1750 1472 1860 1523 δει-

288 1552 476 1604 κνύειν
504 1554 534 1623 ἢ
567 1555 641 1617 ὡς
673 1558 767 1626 οὐχ
795 1558 1021 1611 ἕκαστον
1048 1560 1153 1612 τῶν
1173 1561 1665 1632 ἀπηριθεμημένων
1700 1579 1862 1631 προσ-

285 1642 430 1693 εῖναι
478 1644 556 1695 δεῖ
595 1648 705 1709 τοῖς
769 1649 899 1716 ἡμῖν
945 1652 1434 1721 συμμαχήσουσινο
1488 1653 1519 1721 ἦ
1567 1650 1675 1718 ἐγὼ
1733 1650 1859 1708 τοὺς

288 1732 385 1786 ὁπ’
424 1736 601 1788 αὐτῶν
641 1738 967 1806 λεγομένους
1025 1743 1365 1809 συκοφαντῶ,
1407 1743 1502 1793 καὶ
1553 1741 1855 1811 χρησίμους

287 1826 582 1895 ἐσομένους
609 1833 672 1897 τῇ
712 1831 885 1892 πόλει,
930 1836 1196 1900 πονηροὺς
1239 1836 1538 1902 ἀποφαίνω.
1580 1836 1638 1886 Ei
1662 1835 1717 1886 δὲ
1752 1851 1857 1901 μη·-

283 1911 511 1980 δέτερον
534 1920 721 1968 ,ποιεῖν
755 1918 1121 1987 ἐθελήσουσιν,
1176 1923 1312 1990 ὅπερ
1353 1924 1482 1989 ἡμῖν
1515 1920 1853 1987 ἐγκαλοῦσιν,

283 2003 446 2055 αὐτοὶ
494 2006 755 2073 πρότερον
791 2006 1092 2069 πείσονται,
1133 2011 1225 2061 καὶ
1262 2009 1503 2072 δόξουσιν
1540 2011 1670 2078 ἡμῖν
1708 2011 1858 2061 ἀντι-

282 2094 491 2161 λέγειν,
553 2096 810 2164 οὐδεμίαν
867 2099 1021 2150 αὐτοὶ
1061 2100 1287 2167 γνώμην
1333 2100 1787 2167 είσφέροντες.Έί
1813 2097 1859 2149 δ’

284 2188 576 2254 ἀμφότερα
596 2187 773 2248 καλῶς
796 2189 1008 2257 εἴρηται
1038 2190 1167 2258 παρ’
1188 2190 1363 2258 ἡμῶν,
1378 2190 1621 2242 λείπεται
1638 2190 1857 2241 σκοπεῖν

282 2276 349 2327 ὲν
379 2276 564 2345 κοινῷ,
600 2276 741 2337 τίνες
783 2277 832 2328 oi
864 2279 999 2347 πρὸς
1031 2280 1098 2331 τά
1144 2280 1386 2347 παρόντα
1426 2284 1491 2349 τῇ
1527 2281 1681 2333 πόλει
1712 2280 1857 2331 λυσι-

281 2367 626 2435 τελήσοντες.
666 2369 740 2420 Ού
787 2370 893 2437 μὴν
922 2370 1037 2424 ἀλλ’
1084 2370 1170 2422 ἵνα
1214 2373 1288 2440 μὴ
1327 2371 1467 2424 δοκῶ
1503 2372 1657 2437 λόγον
1683 2367 1869 2430 ἄλλως

284 2458 454 2525 μόνον
482 2454 618 2511 εἶναι
648 2461 715 2511 τά
746 2461 877 2529 παρ’
908 2462 1081 2530 ἡμῶν,
1115 2463 1221 2513 τῶν
1263 2464 1315 2514 δὲ
1350 2463 1691 2531 πραγμάτων
1716 2462 1857 2515 ἑκὼν

277 2544 355 2595 δι’
388 2547 624 2612 ἀπορίαν
650 2548 1005 2615 ἀφίστασθαι,
1038 2550 1145 2618 ὲρῶ
1169 2550 1234 2601 τὰ
1265 2549 1555 2603 δοκοῦντα·
1603 2551 1856 2603 τοσοῦτον

282 2635 446 2704 ἡμῶν
481 2636 715 2705 δεηθεὶς,
748 2639 821 2707 μὴ
860 2641 1121 2711 πρότερον
1153 2640 1422 2711 Θορυϐεῖν,
1450 2642 1506 2694 εῖ
1532 2661 1584 2695 τι
1618 2644 1770 2713 παρὰ
1797 2647 1856 2695 τὸ

279 2725 478 2778 δοκοῦν
510 2728 637 2797 ὑμῖν
689 2731 719 2799 ἡ
756 2730 1037 2800 συμϐουλὴ
1086 2732 1355 2800 περιέξειο
1394 2733 1509 2786 ἀλλ’
1543 2734 1853 2801 ἀνασχομέ-

281 2833 413 2881 νους
447 2818 555 2870 τῶν
586 2819 810 2881 λοιπῶν,
844 2822 964 2873 τότε
1013 2821 1043 2889 ἢ
1080 2821 1388 2885 συνθέσθαι,
1435 2821 1466 2890 ἥ
1502 2824 1612 2882 τοῖς
1640 2827 1854 2892 καιροῖς

280 2908 420 2963 ἄλλο
458 2927 510 2960 τι
559 2912 972 2981 χρησιμώτερον
1017 2913 1354 2981 ἐξευρίσκειν
1384 2912 1701 2981 πειρᾶσθαι.
1742 2913 1854 2967 Οὐκ

280 3001 492 3070 ἀπορίᾳ
530 3004 835 3071 συμμάχων
890 3005 982 3055 ἐπὶ
1032 3003 1176 3055 τοῦτ’
1227 3003 1527 3072 ἀφίγμεθα,
1558 2998 1602 3058 ὦ
1638 3005 1849 3073 ἄνδρες,

2038 1376 2150 1444 Ego
2185 1384 2391 1437 autem,
2423 1375 2830 1437 auditores,eos
2862 1374 3096 1443 prinmm
3130 1374 3345 1427 edicere
3373 1389 3529 1441 roga-

1962 1468 2156 1531 verim,
2192 1482 2319 1519 num
2355 1466 2483 1534 quid
2518 1466 2570 1517 in
2602 1463 2839 1532 prtefatis
2878 1464 3389 1531 reprehendendum
3424 1464 3525 1515 ha-

1961 1566 2142 1628 beant,
2175 1563 2589 1631 ostendantque,
2623 1570 2716 1613 aut
2763 1575 2868 1613 non
2918 1575 3136 1614 necesse
3173 1572 3293 1611 esse
3325 1566 3381 1611 ut.
3414 1558 3527 1612 haec

1964 1654 2147 1706 omnia
2201 1654 2400 1713 adsint,
2456 1652 2579 1704 belli
2625 1650 2781 1703 nobis
2818 1649 3012 1703 futuris
3061 1649 3257 1710 sociis,
3288 1648 3372 1701 vel
3402 1661 3525 1715 ego,

1894 1780 1933 1833 Β
1965 1760 2106 1813 quos
2137 1745 2213 1798 illi
2246 1744 2482 1798 dixerint
2508 1745 2558 1796 in
2592 1742 2799 1796 crimen
2826 1740 3055 1801 vocabo,
3099 1740 3329 1806 urbique
3363 1740 3525 1791 utiles

1962 1838 2301 1892 existimatos
2358 1837 2529 1889 malos
2581 1832 2975 1904 pronuntiabo.
3033 1831 3128 1885 Sin
3180 1840 3357 1883 autem
3391 1846 3528 1884 neu-

1959 1936 2101 1979 trum
2159 1924 2330 1978 velint
2384 1918 2661 1991 praestare,
2712 1923 2813 1990 ipsi
2868 1920 3021 1989 prius
3080 1933 3241 1971 causa
3305 1918 3525 1981 eadem,

1956 2014 2398 2079 videbunturquc
2458 2011 2614 2064 nobis
2669 2008 3067 2073 contradicere,
3130 2019 3259 2058 eum
3323 2006 3523 2071 nullam

1958 2103 2056 2172 ipsi
2082 2104 2401 2156 sententiam
2434 2100 2689 2153 inferant.
2714 2098 2867 2163 Quod
2888 2098 2931 2150 si
2954 2099 3091 2153 bene
3110 2108 3245 2152 etut
3272 2112 3367 2166 par
3382 2105 3523 2158 erat,

1917 2187 1925 2193 ’
1958 2205 2181 2262 utraque
2200 2194 2456 2253 diximus,
2482 2192 2747 2258 reliquum
2767 2190 3131 2243 estcommnni
3165 2190 3526 2243 deliberemus

1955 2285 2203 2346 consilio,
2233 2283 2455 2352 quinam
2514 2296 2694 2335 rerum
2729 2283 2979 2347 praesenti
3008 2289 3173 2343 statu,
3210 2280 3525 2362 fuluri|sint

1957 2375 2078 2429 urbi
2117 2376 2295 2439 utiles.
2334 2373 2652 2437 Enimvero,
2705 2382 2765 2425 ut
2796 2388 2862 2425 ne
2898 2373 3103 2424 nudum
3153 2380 3357 2425 temere
3404 2385 3522 2424 ser-

1961 2479 2177 2518 monem
2240 2464 2459 2518 eﬂ‘utire
2517 2463 2747 2528 videar,
2809 2462 3090 2530 libensque
3148 2477 3261 2529 prae
3309 2460 3522 2514 consilii

1960 2555 2140 2625 inOpia
2170 2572 2199 2610 a
2230 2556 2392 2611 rebus
2447 2564 2646 2609 memet
2680 2553 3022 2617 abstrahere,
3064 2554 3238 2606 dicam
3269 2568 3389 2620 quae
3434 2552 3518 2603 vi-

1958 2651 2183 2710 dentur,
2222 2650 2325 2702 hoc
2365 2657 2575 2702 tantum
2639 2663 2854 2715 rogans,
2907 2656 2962 2700 ut
3003 2645 3181 2714 siquid
3235 2644 3523 2697 consilium

1958 2757 1985 2793 a
2023 2750 2206 2795 vestro
2240 2740 2477 2793 alienum
2512 2754 2674 2792 sensu
2730 2737 3146 2803 complcmatur.
3203 2750 3309 2788 non
3373 2735 3524 2802 prius

1959 2832 2251 2886 tumultum
2286 2830 2478 2886 cientis
2507 2869 2523 2893 ,
2560 2829 2653 2884 sed
2686 2828 3012 2898 exspectetis
3041 2827 3271 2895 reliqua,
3302 2834 3526 2891 tumque

1956 2924 2041 2977 vel
2077 2922 2364 2992 praebeatis
2423 2937 2729 2981 assensum,
2764 2920 2847 2973 vel
2898 2919 3044 2975 aliud
3080 2917 3357 2988 quidpiam
3395 2932 3521 2970 con-

1900 3066 1901 3069 η
1959 3030 2152 3081 gruum
2204 3017 2374 3083 magis
2432 3012 2771 3081 temporibus
2824 3010 3069 3065 invenire
3132 3011 3370 3074 tentetis.
3404 3009 3520 3062 Non

280 3092 376 3146 οὗ·
409 3094 523 3145 ἀλλ’
576 3095 737 3164 ἕτερα
776 3096 882 3147 τῶν
914 3096 1200 3165 παρόντων
1239 3095 1424 3148 κακῶν
1470 3095 1599 3165 ἡμῖν
1635 3096 1855 3162 γέγονεν

1960 3104 2086 3159 belli
2140 3104 2414 3160 sociorum
2467 3102 2703 3163 defectu,
2738 3102 3039 3164 auditores,
3078 3100 3130 3153 in
3160 3115 3285 3154 eum
3321 3107 3521 3152 statum

285 3185 443 3237 αἴτια
466 3201 481 3215 ·
508 3185 542 3238 ἀ
574 3185 672 3253 τῆς
713 3187 988 3248 πολιτείας
1029 3186 1405 3260 κρατήσαντα,
1430 3189 1526 3238 καὶ
1545 3188 1853 3256 συμμαχεῖν

281 3276 619 3343 δυναμένους
646 3277 851 3344 ἑτέροις
883 3278 1053 3345 ἡμᾶς,
1086 3276 1178 3328 νῦν
1202 3280 1324 3338 τοὺς
1367 3276 1729 3344 βοηθήσοντας
1760 3292 1855 3327 πε-

288 3367 528 3436 ριιόντας
562 3368 863 3433 ἀναγκάζει
915 3368 1118 3437 ζητεῖν.
1172 3368 1459 3438 Σύμμαχοι
1497 3368 1542 3420 δ’
1569 3369 1700 3439 ἡμῖν
1747 3369 1853 3419 είσι

241 3456 250 3461 ’
284 3459 386 3511 καὶ
409 3458 594 3511 πολλοὶ
624 3461 719 3513 καὶ
770 3460 925 3514 καλοὶ⁸
960 3461 1055 3512 καὶ
1106 3460 1357 3513 τοσοῦτον
1404 3459 1695 3527 ἀχθόμενοι
1741 3460 1853 3520 τοῖς

280 3552 576 3622 ἡμετέροις
602 3555 811 3619 κακοῖς,
839 3556 960 3606 ὅσον
983 3554 1124 3622 ἡμᾶς
1149 3552 1313 3619 ἔγωγ’
1336 3553 1401 3605 ἂν
1432 3552 1698 3622 εὐξαίμην
1726 3553 1854 3621 ὑμῖν

286 3644 476 3705 αὐτοῖς
508 3643 811 3711 συναλγεῖν.
873 3643 1026 3696 Εἴπω
1059 3645 1208 3705 τίνας
1231 3662 1247 3677 ο
1292 3644 1562 3707 κελεύετε,
1622 3645 1715 3696 καὶ
1753 3644 1851 3696 οὐκ

281 3739 581 3804 ὀργιεῖσθε.

1962 3194 2167 3250 redacti
2199 3209 2406 3251 sumus.
2440 3194 2659 3248 Minime
2691 3192 2931 3262 gentium
2965 3208 2980 3257 ;
3013 3207 3198 3245 verum
3231 3191 3334 3245 alia
3366 3188 3523 3243 nobis

1964 3296 2023 3343 ut
2055 3288 2109 3341 in
2140 3288 2254 3341 haec
2293 3288 2431 3341 mala
2460 3286 2856 3348 incideremus,
2883 3286 2937 3337 in
2970 3299 3130 3337 causa
3162 3284 3522 3344 exstiterunt,

1960 3392 2135 3445 eaque
2165 3376 2484 3445 occupantia
2515 3376 2927 3445 rempublicam,
2952 3388 3075 3427 cum
3103 3374 3235 3427 tales
3259 3386 3527 3436 essemus,

1961 3468 2056 3539 qui
2111 3469 2239 3523 belli
2287 3467 2419 3523 socii
2470 3467 2590 3521 aliis
2647 3467 2895 3522 auxiliari
2948 3479 3251 3533 possemus,
3305 3477 3369 3516 eo
3427 3476 3524 3515 nos

1962 3560 2298 3630 compulere,
2346 3567 2404 3613 ut
2433 3561 2579 3613 omni
2632 3568 2785 3626 parte
2813 3558 3124 3611 auxiliarios
3151 3570 3396 3624 quarere
3431 3567 3526 3607 ne—

1962 3662 2176 3703 cessum
2217 3647 2535 3702 habeamus.
2587 3647 2759 3701 Porro
2818 3646 2975 3701 nobis
3032 3654 3161 3699 sunt
3194 3644 3321 3697 belli
3367 3641 3529 3706 socii,

1961 3738 2109 3807 iique
2142 3737 2299 3791 multi
2330 3750 2392 3790 ac
2425 3737 2575 3801 boui,
2601 3734 2804 3805 quique
2848 3736 2988 3788 adeo
3013 3746 3196 3787 nostra
3230 3737 3368 3786 mala
3400 3748 3522 3786 mo-

284 3834 427 3887 leste
454 3832 651 3894 ferant,
681 3840 741 3886 ut
774 3832 852 3885 sic
901 3846 1001 3886 nos
1028 3831 1141 3901 ipse
1171 3839 1351 3901 optem
1383 3838 1569 3886 nostra
1636 3829 1807 3895 ferre,
1870 3842 1932 3883 ac
1969 3829 2131 3884 nobis
2168 3827 2479 3909 cendolere.
2527 3828 2713 3882 Dicam
2770 3827 3040 3893 homines,
3078 3826 3285 3894 iubete,
3318 3839 3382 3879 ac
3416 3824 3527 3879 iras

281 3924 583 3979 continete.

358 4017 493 4078 Τοὺς
521 4015 611 4069 νῦν
638 4017 870 4086 ἥκοντας
912 4014 1215 4082 Ῥωμαίους
1251 4015 1392 4083 φημὶ
1442 4012 1535 4066 καὶ
1589 4013 1657 4066 τά
1721 4012 1864 4065 ὲκεί-

282 4127 395 4162 νων
422 4111 581 4172 ὅπλα,
608 4109 699 4161 καὶ
724 4108 823 4177 τὴν
847 4106 1071 4174 ἀνδρίαν
1095 4122 1107 4135 ·
1139 4104 1166 4157 δ
1225 4106 1319 4159 καὶ
1357 4102 1623 4171 θαυμάζω
1666 4105 1712 4154 εί
1766 4104 1862 4157 καί⁷

284 4200 529 4265 τοῦνομα
579 4198 708 4265 γοῦν
772 4198 869 4267 οὐχ
933 4197 1115 4249 ἱκανὸν
1170 4197 1297 4265 ὑμῖν
1348 4194 1681 4248 διαλλάττειν
1735 4192 1860 4255 τοὺς

287 4290 511 4355 ἄνδρας.
546 4289 821 4356 Σκέψασθε
846 4288 1046 4351 τοίνυν,
1066 4288 1111 4338 εἰ
1144 4286 1283 4347 τίνος
1316 4284 1424 4336 τῶν
1443 4282 1859 4353 προειρημένων

289 4382 434 4435 ἐνδεῖ
459 4382 567 4441 τοῖς
611 4378 916 4448 συμμάχοις
971 4378 1123 4444 ἡμῖν,
1182 4375 1380 4443 μᾶλλον
1407 4373 1452 4425 δ’
1484 4375 1533 4425 εί
1590 4374 1665 4441 μὴ
1724 4370 1860 4439 πρὸς

2038 4013 2333 4070 Venientes
2378 4030 2527 4069 nunc
2558 4015 2834 4069 Romanos
2883 4014 3005 4069 dico
3038 4029 3342 4083 eorumque
3375 4028 3525 4069 arma

1965 4116 2030 4158 a‘c
2057 4104 2469 4159 fortitudinem:
2497 4120 2561 4157 ac
2588 4106 2806 4168 mirum,
2828 4106 2891 4159 {ni
2921 4107 3096 4174 ipsum
3126 4119 3345 4169 nomen,
3380 4104 3527 4157 viros

1964 4194 2122 4249 vobis
2152 4195 2425 4251 conciliet.
2455 4198 2683 4251 Pensate
2704 4212 2855 4267 ergo,
2886 4214 3013 4251 num
3034 4197 3164 4267 quid
3189 4211 3379 4250 eorum
3404 4211 3529 4265 quae

1964 4285 2339 4354 praediximus,
2397 4288 2523 4340 belli
2559 4288 2716 4341 nobis
2751 4288 2916 4342 sociis
2960 4288 3134 4350 desit;
3179 4287 3312 4355 quin
3347 4287 3531 4354 potius

1965 4392 2095 4431 num
2130 4376 2344 4430 abunde
2368 4379 2645 4442 omnibus,
2678 4379 2877 4445 quibus
2902 4377 3029 4446 quis
3050 4377 3362 4437 auxilietur,
3391 4392 3527 4447 pras-

290 4474 471 4528 πάντα
510 4470 647 4541 μετά
682 4468 772 4522 τοῦ
798 4472 803 4479 ’
833 4468 1113 4537 περιόντος
1169 4463 1451 4533 ἀρκοῦσιν.
1480 4462 1689 4516 Οὐκοῦν
1735 4462 1857 4515 ὅθεν

1965 4462 2066 4518 diti
2110 4465 2239 4518 sint.
2276 4465 2462 4532 Itaque
2497 4464 2641 4519 unde
2669 4466 2807 4536 coepi
2830 4508 2844 4531 ,
2874 4482 2903 4519 a
2935 4468 3236 4532 communi,
3277 4470 3522 4535 inquam,

289 4564 704 4636 ‘l‘,p€dpqv,dnb
768 4556 860 4614 τοῦ
919 4558 1383 4626 κοινοῦ-δηλονότι
1440 4558 1853 4627 προσρήματος,

291 4658 594 4723 ποιήσομαι
624 4653 723 4721 τὴν
748 4652 945 4720 ἀρχήν.
1004 4649 1157 4711 Τίνες
1214 4648 1502 4714 Ῥωμαίοις
1569 4645 1858 4714 Ῥωμαίων

290 4748 609 4814 οἰκειότεροι
668 4743 975 4811 σύμμαχοι;
1012 4740 1045 4809 ἢ
1080 4740 1223 4799 τίνες
1262 4738 1694 4805 ἀξιοπιστότεροι
1750 4738 1858 4788 τῶν

290 4838 394 4907 τὴν
424 4836 591 4904 αὐτὴν
618 4833 849 4903 ἑχόντων
893 4829 1151 4898 πατρίδας
1194 4829 1257 4879 'H
1297 4829 1401 4896 γὰρ
1454 4829 1675 4881 ἐκτίνων
1708 4828 1860 4889 πόλις

293 4930 397 5003 τῆς
424 4926 693 4997 ἡμετέρας
719 4923 1063 4993 μητρόπολις
1081 4922 1271 4989 γέγονε
1294 4936 1309 4953 ·
1342 4919 1434 4971 καὶ
1471 4922 1581 4978 τοῖς
1612 4918 1861 4979 ἀποίκοις

294 5022 675 5089 κοινωνήσασα
702 5016 797 5083 τῆς
824 5013 1158 5082 ιπωνυμίας,
1191 5010 1370 5076 ἐκείνη
1415 5009 1510 5080 μὲν
1555 5009 1743 5078 ὥσπερ
1777 5025 1861 5071 τις

294 5111 559 5181 πρόϐολος
618 5109 830 5178 ἔμεινεν
858 5107 948 5158 ἐπὶ
1002 5104 1100 5171 τῆς
1158 5104 1431 5170 ἑσπέρας*
1468 5101 1612 5168 ἡμᾶς
1654 5100 1710 5151 δὲ
1760 5102 1859 5168 τῆς

310 5203 493 5264 Ἀσίας
527 5202 896 5271 ἡγησομένους
924 5195 1228 5265 ὶξέπεμιιβν
1248 5212 1261 5225 ·
1286 5191 1416 5247 ὥσθ’
1442 5192 1535 5245 ἕνα
1569 5192 1665 5259 μὲν
1690 5193 1862 5261 δῆμον

297 5292 446 5362 ἡμᾶς
479 5307 538 5343 τε
570 5290 854 5351 κάκείνους
882 5286 1077 5347 δοκεῖν,
1114 5284 1239 5352 μίαν
1264 5283 1319 5335 δὲ
1343 5281 1493 5340 πόλιν
1524 5282 1859 5350 ἀμφοτέρας,

296 5384 359 5435 ὲν
394 5380 620 5433 ἀποίκου
644 5378 737 5430 καὶ⁵
769 5373 1151 5445 μητροπόλεως
1192 5372 1429 5438 σχήματι
1485 5371 1821 5435 τεταγμένας
1842 5388 1856 5401 ο

300 5468 470 5539 μηδὲν
536 5466 593 5519 δὲ
652 5462 870 5516 εῐναιτδ
919 5459 1178 5530 διαιροῦν,
1239 5457 1375 5527 πλὴν
1423 5457 1546 5508 ὅσον
1602 5456 1698 5525 τὴν
1764 5458 1861 5525 μὲν

311 5559 588 5627 Ῥωμύλος
618 5555 871 5626 ἱδρύσατο
894 5571 909 5585 ·
938 5552 1039 5621 τὴν
1059 5551 1103 5603 δ’
1124 5552 1152 5602 δ
1200 5548 1296 5617 τὴν
1332 5547 1539 5600 ἐκείνου
1588 5548 1862 5615 βασιλείαν

298 5649 681 5718 διαδεξάμενος
714 5644 879 5714 ἔπηξε
910 5642 1335 5701 Κωνσταντῖνος.
1372 5639 1532 5690 Ἀλλὰ
1566 5639 1674 5709 μὴν
1704 5639 1861 5692 αὐτόν

307 5760 362 5796 τε
388 5742 813 5807 Κωνσταντῖνῡν,
852 5736 911 5794 οὗ
974 5737 1145 5791 πάντα
1190 5734 1258 5787 τά
1311 5732 1550 5803 ἡμέτερα
1607 5733 1856 5806 ἤρτηται,

1967 4556 2351 4623 appellatione,
2383 4556 2508 4611 inde
2538 4558 2731 4611 ducam
2759 4557 3063 4611 exordium.
3112 4558 3384 4622 Quosnam
3418 4559 3527 4612 Ro—

1967 4648 2113 4698 mani
2164 4648 2426 4701 Romanis
2461 4647 2630 4715 magis
2657 4646 2999 4701 necessarios
3048 4650 3225 4702 socios
3259 4650 3530 4704 habeant?

1966 4735 2245 4800 Quasnam
2298 4752 2429 4790 vero
2471 4736 2540 4791 ad
2566 4735 2727 4790 fidem
2763 4739 3209 4805 comparatiores,
3235 4755 3395 4796 quam
3431 4741 3524 4807 qui

1967 4830 2171 4884 habent
2200 4830 2446 4884 eamdem
2493 4829 2759 4898 patriam?
2797 4828 2995 4882 Eorum
3029 4845 3263 4898 namque
3312 4832 3525 4895 civitas,

1969 4930 2168 4973 nostra:
2199 4919 2516 4988 metropolis
2546 4930 2666 4983 est;
2702 4934 2936 4987 cumque
2974 4920 3203 4973 coloniae
3237 4937 3531 4974 commune

1968 5010 2300 5079 intpertisSet
2338 5026 2559 5075 nomen,
2615 5011 2731 5081 ipsa
2768 5012 2987 5080 quidem
3041 5012 3188 5065 velut
3220 5028 3529 5081 propugna-

1968 5103 2152 5156 culum
2170 5102 2223 5155 in
2247 5100 2540 5155 Occidente
2566 5103 2798 5165 mansit;
2824 5116 2923 5154 nos
2943 5116 3093 5164 vero,
3117 5102 3208 5171 qui
3234 5102 3529 5169 Asieepraa-

1967 5203 2233 5255 essemus,
2281 5187 2482 5253 emisit,
2514 5198 2573 5241 ut
2603 5189 2760 5255 plane
2808 5188 3047 5257 utrique,
3093 5206 3235 5245 unus
3268 5192 3523 5260 idemque

1968 5280 2201 5349 populus
2250 5278 2572 5341 videamur;
2626 5278 2909 5347 ambatque
2948 5280 3109 5332 urbes
3149 5280 3279 5333 urbs
3310 5282 3526 5344 eadem,

1969 5385 2067 5438 pro
2115 5371 2343 5425 colonia:
2389 5384 2452 5423 ac
2508 5370 2823 5439 metrOpolis
2871 5371 3115 5425 ratione:
3165 5372 3410 5440 nihilque
3458 5377 3529 5427 sit

1968 5461 2111 5530 quod
2148 5462 2470 5531 distinguat,
2520 5470 2748 5531 excepto
2781 5469 2840 5513 ut
2874 5462 3098 5516 alteram
3144 5462 3365 5529 quidem
3416 5462 3524 5516 Bo-

1969 5554 2152 5607 mulus
2184 5552 2533 5619 fundaverit;
2563 5554 2790 5607 alteram
2829 5568 2977 5616 vero,
3010 5553 3127 5621 ejus
3155 5552 3370 5620 imperii
3397 5568 3523 5607 suc-

1970 5659 2155 5699 cessor
2196 5642 2591 5699 Constantinus
2624 5644 2952 5698 condiderit.
2986 5642 3127 5709 Quin
3176 5653 3233 5697 et
3262 5645 3526 5699 Constan-

1973 5734 2145 5789 tinum
2191 5751 2218 5788 a
2258 5750 2365 5804 quo
2411 5736 2589 5790 omnia
2625 5745 2808 5792 nostra
2841 5734 3099 5805 pendent,
3132 5733 3309 5790 sciunt
3336 5746 3527 5790 omnes
