4166 6330
704 398 802 457 Ω⁴ι3

1936 400 2304 461 DEMETRII
2346 399 2651 463 CYDONII

3828 411 3936 475 ρει

716 514 981 581 principio
1010 513 1226 568 videtur
1255 515 1537 586 obtigisse.
1570 518 1677 573 Nec
1707 519 2149 589 congressionem
2187 530 2269 567 as-

2373 522 2483 580 τοῖς
2515 519 2810 590 βαρϐάροις
2840 520 2897 587 ἐξ
2930 523 3103 593 ἀρχῆς
3160 482 3629 595 συγκεκλὴρωται.
3685 528 3796 580 Καὶ
3827 528 3932 578 οὐκ

701 606 913 671 signare
942 606 1119 671 liceat,
1151 623 1255 675 qua
1318 624 1421 662 non
1467 611 1697 664 victores
1724 622 1923 680 tropaea
1961 611 2259 665 crcxeriut.

705 693 992 747 Enimvero
1024 711 1146 749 cum
1184 700 1251 750 ab
1284 702 1507 769 antiquo
1544 704 1808 771 cmpcrint
1841 703 2110 755 Barbaros
2135 715 2260 768 pro-

698 786 853 851 sequi
894 786 1039 849 odio,
1079 787 1342 841 hactenus
1382 802 1749 857 perseverant,
1782 792 1994 845 utnihil
2021 806 2257 859 unquam

700 873 921 928 fmderis
949 877 1163 929 ineundi
1211 880 1595 933 meminerint:
1634 891 1796 949 atque
1830 882 1966 934 adeo
2002 897 2087 935 res
2120 883 2262 947 ejus-

704 965 868 1029 modi,
920 967 1116 1020 nedum
1165 984 1281 1022 aevo
1333 971 1456 1035 hoc,
1492 973 1726 1025 nominis
1764 973 1842 1025 eis
1870 972 2058 1025 aﬂ‘eret
2097 972 2258 1025 clari-

704 1064 899 1120 lati-n1;
941 1071 1131 1109 verum
1174 1060 1333 1111 etiam
1392 1060 1575 1114 futuro
1625 1076 1945 1129 magnorum
1995 1063 2259 1113 honorum

700 1146 865 1199 habet
894 1149 1399 1215 repromissionem.
1434 1151 1617 1219 Atqui,
1659 1153 1783 1221 quis
1810 1153 2015 1205 certius
2042 1151 2258 1220 aliquod

699 1249 1080 1303 argumentum
1134 1240 1286 1302 velit,
1332 1249 1388 1293 ut
1423 1257 1526 1293 non
1576 1242 1610 1294 ii
1665 1242 1843 1305 facile,
1880 1252 2133 1310 tanquam
2166 1258 2262 1296 co-

700 1324 871 1377 lorem
902 1328 1009 1379 sint
1037 1329 1360 1381 sententiam
1392 1331 1675 1393 mutaturi,
1718 1347 1878 1400 quam
1912 1342 1971 1385 ut
2000 1333 2262 1386 diuturno

701 1418 836 1469 adeo
870 1426 1111 1485 tempore
1146 1419 1409 1472 adversus
1443 1421 1707 1473 Barbaros
1736 1422 2134 1489 depugnantes,
2167 1438 2261 1476 ne-

700 1521 805 1574 que
841 1508 939 1573 ipsi
989 1523 1227 1574 unquam
1260 1510 1503 1562 inducias
1551 1510 1813 1576 petierint
1839 1548 1852 1572 ,
1887 1526 1985 1563 nec
2016 1512 2261 1565 hostibus

699 1597 969 1650 voluerint
1013 1599 1256 1658 concedi,
1296 1607 1547 1666 tauquam
1600 1592 1726 1652 vero
1773 1600 1840 1652 ab
1888 1601 2002 1667 ipsa
2064 1612 2260 1654 natura

704 1688 757 1740 in
790 1702 882 1740 eos
916 1688 1111 1741 bellum
1155 1689 1512 1756 susceperint,
1546 1690 1622 1743 sic
1650 1705 1838 1744 eorum
1875 1691 2085 1743 ruinam
2126 1692 2259 1745 lucri

702 1780 919 1831 maximi
949 1780 1070 1832 loco
1110 1779 1307 1832 habent
1335 1781 1355 1831 ?
1383 1779 1535 1843 Quod
1584 1788 1761 1833 autem
1795 1796 1900 1833 non
1932 1782 2035 1835 nisi
2070 1782 2260 1851 grandi

702 1885 806 1923 mre
832 1870 956 1922 talia
988 1870 1270 1939 designare
1306 1872 1602 1937 potuerint,
1636 1871 1901 1925 ridiculus
1931 1874 2028 1925 sim
2058 1882 2115 1925 ut
2138 1888 2260 1941 pro-
2300 1854 2340 1908 Β

704 1962 830 2013 bare
861 1962 1202 2013 tentaverim.
1239 1962 1430 2014 Sciunt
1463 1976 1589 2014 vero
1616 1962 1707 2029 qui
1740 1963 1955 2015 navales
1987 1964 2267 2017 instruunt

706 2050 913 2118 copias,
966 2050 1096 2102 nihil
1137 2050 1485 2118 paucioribus
1520 2050 1761 2117 indigere
1799 2052 1863 2101 ad
1905 2061 2266 2105 commeatum

707 2138 850 2192 bello
882 2149 1248 2207 comparatam
1284 2140 1484 2200 navim,
1520 2149 1679 2205 atque
1717 2140 1956 2206 indigeat
2000 2157 2103 2193 una
2138 2142 2269 2194 urbs

706 2240 838 2283 tota.
892 2230 995 2283 Tot
1030 2246 1162 2283 vero
1210 2232 1284 2283 illi
1339 2232 1594 2284 continue
1643 2231 1919 2284 instruunt
1952 2233 2170 2297 classes,
2213 2240 2268 2284 ut

705 2321 868 2374 ludus
902 2320 1119 2389 quidem
1170 2321 1438 2384 videatur,
1478 2337 1637 2389 quam
1675 2321 1842 2374 Graeci
1878 2326 2143 2375 miserunt
2176 2338 2269 2375 cx-

708 2422 1001 2479 pugnatum
1039 2410 1256 2479 Trojam
1288 2433 1298 2464 :
1348 2412 1425 2464 sic
1460 2413 1607 2464 velut
1652 2427 1681 2463 e
1716 2411 1979 2474 fontibus,
2025 2412 2283 2480 pecuniae

706 2504 957 2556 aﬂluunt.
1006 2504 1116 2557 Nec
1147 2504 1428 2556 hominum
1487 2520 1647 2572 quam
1702 2504 2059 2573 pecuniarum
2097 2506 2272 2559 minor

708 2594 886 2661 copia.
927 2593 1030 2645 Per
1079 2594 1329 2646 nationes
1368 2594 1539 2655 enim,
1593 2594 1952 2661 sodalitiaque
1994 2582 2065 2647 ac
2099 2596 2273 2649 tribus

709 2692 1012 2745 transeunt,
1049 2694 1104 2736 ιιι
1140 2683 1429 2735 videantur
1454 2682 1625 2751 patria
1660 2684 1844 2737 relicta
1879 2685 1984 2736 alio
2039 2684 2267 2737 commi-

708 2790 883 2845 grare.
916 2775 1067 2837 Quod
1098 2774 1142 2829 si
1176 2776 1296 2842 quis
1326 2790 1389 2828 eo
1424 2776 1627 2829 moveri
1666 2776 1834 2838 dicat,
1872 2777 2013 2845 quod
2048 2792 2145 2829 nos
2176 2778 2274 2830 mi-

710 2871 974 2926 serantes,
1007 2863 1144 2915 mala
1192 2872 1371 2915 nostra
1426 2879 1577 2915 suam
1619 2865 1857 2931 ipsarum
1909 2866 2272 2920 calamitatem

710 2952 945 3015 ducant;
974 2950 1104 3019 quid
1134 2951 1215 3004 vel
1243 2961 1497 3019 parentes
1529 2952 1851 3019 ampliorum
1887 2954 1937 3005 in
1974 2966 2071 3004 nos
2104 2952 2275 3007 visce-

712 3060 829 3096 rum
883 3042 1172 3095 ostendere
1230 3043 1475 3094 valeant?
1533 3040 1626 3094 Sin
1683 3054 1887 3105 autem,
1926 3051 2082 3093 tantze
2130 3041 2275 3094 illius

712 3134 1126 3202 magniﬁcentiae
1154 3132 1460 3211 praemium,
1490 3148 1650 3200 quam
1689 3130 1811 3183 inde
1843 3142 2273 3200 consequuntur,

714 3224 937 3293 gloriam
979 3232 1245 3290 quaerant,
1278 3224 1621 3292 quandonain
1674 3223 1709 3275 ii
1744 3222 1923 3274 induci
1956 3222 2181 3288 possint,
2216 3232 2271 3273 ut

715 3315 927 3369 levibus
960 3314 1285 3382 quibusdam
1311 3331 1373 3367 ex
1406 3315 1583 3367 causis
1619 3314 1744 3367 belli
1775 3316 1953 3366 socios
1982 3305 2269 3376 deserant;

718 3407 809 3475 qui
843 3422 973 3459 vero
1020 3422 1129 3459 non
1161 3404 1228 3459 iis
1273 3407 1379 3458 sint
1430 3405 1761 3467 auxiliaturi,
1794 3420 2024 3473 quorum
2077 3405 2273 3467 salute,

721 3508 925 3551 tantam
967 3495 1203 3548 habeant
1255 3503 1533 3564 reportare
1570 3494 1844 3562 gloriam?
1886 3494 1979 3545 Sin
2016 3493 2271 3561 denique,

719 3590 862 3658 quod
910 3589 1085 3658 majus
1145 3588 1440 3653 veriusque
1490 3586 1726 3647 dicatur,
1787 3585 1929 3652 quod
1969 3586 2021 3636 in
2054 3587 2166 3637 suis
2215 3599 2279 3638 ac

718 3679 1059 3742 necessariis,
1084 3694 1328 3747 quosque
1349 3685 1405 3730 ut
1424 3694 1519 3731 sua
1547 3678 1783 3747 ipsorum
1804 3677 2043 3731 membra
2064 3686 2276 3742 curent,

724 3770 985 3841 pietatem
1028 3769 1247 3821 videant
1294 3771 1347 3821 in
1388 3768 1680 3821 discrimen
1719 3769 1942 3829 ‘vocari;
1994 3777 2154 3836 atque
2184 3783 2278 3821 eos

721 3861 962 3929 quicum
1000 3860 1131 3928 ipsis
1158 3874 1219 3912 ac
1246 3874 1339 3928 per
1369 3860 1512 3927 ipsos
1538 3860 1810 3914 universis
1837 3859 2277 3923 dominabantur,

723 3967 911 4004 eorum
965 3951 1262 4018 mancipari
1324 3966 1530 4012 servos,
1588 3966 1724 4018 quos
1774 3951 1924 4017 prius
1963 3950 2282 4002 habuissent

725 4041 994 4110 mancipia
1045 4055 1143 4110 pro
1190 4042 1443 4094 omnibus
1494 4041 1593 4109 ipsi
1648 4041 1897 4093 adierunt
1940 4040 2277 4109 periculum;

729 4149 896 4187 unum
932 4131 1064 4186 illud
1091 4132 1191 4185 sibi
1218 4142 1605 4201 proponentcs,
1639 4148 1745 4201 quo
1771 4133 2084 4199 religionem
2107 4122 2284 4185 sacra-

728 4224 990 4277 tissimam
1012 4222 1078 4275 ab
1110 4222 1400 4289 impiorum
1428 4223 1623 4290 injuria
1653 4224 1973 4281 liberarent,
2010 4220 2282 4288 quomodo

729 4329 837 4366 non
868 4311 1131 4365 eximium
1184 4310 1314 4379 quid
1369 4310 1614 4364 videatur
1661 4311 1802 4379 quod
1858 4311 1923 4363 ab
1956 4310 2035 4363 eis
2066 4309 2283 4378 agitur?

730 4402 845 4454 Aut
872 4400 996 4469 quis
1030 4398 1298 4452 illustrius
1324 4398 1499 4465 possit
1528 4397 1719 4450 aiierre
1749 4396 1966 4465 pictatis
1992 4392 2285 4447 indicium?

2316 661 2325 669 ,
2374 609 2516 664 ἐστιν
2542 614 2629 665 ὅτε
2658 614 3025 684 συμϐαλόντες
3047 618 3144 669 οὐκ
3175 617 3475 687 ἀνέστησαν
3503 617 3752 685 τρόπαια.
3772 617 3935 668 Ἀλλὰ

2375 703 2479 770 μὴν
2504 704 2709 757 ἄνωθεν
2748 706 2839 758 τοῦ
2878 706 3012 776 πρὸς
3051 709 3178 769 τοὺς
3215 708 3525 778 βαρϐάρους
3557 708 3744 778 μίσους
3767 707 3939 774 ἀρξά-

2374 811 2544 861 μενοι,
2576 794 2722 862 δεῦρ’
2743 796 2828 849 ἀεὶ
2857 796 3253 862 διαγεγόνασιν,
3284 796 3405 849 οὐδέ
3435 813 3561 849 ποτε
3601 796 3938 865 μνησθέντες

2374 887 2651 939 σπονδῶνο
2689 887 2764 949 ὡς
2818 888 2963 940 τοῦτ’
3014 888 3197 951 αὐτοῖς
3231 888 3332 941 οὐκ
3370 887 3599 942 ἐνταῦθα
3652 889 3813 955 μόνον
3843 884 3944 939 εὖ·

2371 979 2559 1031 κλειαν
2586 974 2751 1042 οἷσον,
2785 978 2917 1029 ἀλλά
2962 981 3051 1031 καὶ
3087 978 3223 1046 πρὸς
3248 978 3307 1030 τὸ
3336 978 3529 1046 μέλλον
3572 978 3795 1043 ἀγαθῶν
3833 996 3941 1046 με·

2370 1071 2548 1135 γάλων
2585 1069 2705 1139 ἔχον
2739 1070 3089 1136 ἐπαγγελίαν.
3126 1071 3316 1123 Καίτοι
3348 1069 3431 1131 τίς
3476 1069 3539 1122 ἂν
3587 1068 3714 1121 ἄλλο
3752 1070 3941 1136 μεῖζον

2372 1159 2482 1227 ἔχοι
2522 1160 2822 1227 τεκμήριον
2850 1159 2945 1211 τοῦ
2994 1160 3121 1220 τοὺς
3153 1159 3349 1225 ἄνδρας
3386 1158 3461 1227 μὴ
3510 1158 3711 1226 ῥᾴδιον,
3745 1157 3941 1225 ὥσπερ

2371 1254 2580 1321 χροιὰς,
2616 1252 2970 1321 μεταϐάλλειν
3001 1253 3099 1311 τὰς
3133 1250 3352 1319 γνώμας
3385 1250 3417 1319 ἢ
3457 1249 3709 1302 τοσοῦτον
3741 1249 3941 1317 χρνενον

2372 1343 2745 1411 πολεμοῦντας
2780 1344 2913 1412 πρὸς
2946 1345 3277 1412 βαρϐάρους,
3308 1345 3509 1411 ἀνοχὰς
3558 1343 3685 1410 μήτ’
3736 1342 3940 1400 αὐτοὺς

2370 1437 2606 1503 αἰτῆσαι.
2640 1439 2774 1503 μήτε
2830 1436 3052 1503 θελῆσαι
3091 1434 3274 1487 δοῦναι
3316 1436 3428 1493 τοῖς
3460 1433 3744 1498 πολεμίοις
3770 1447 3785 1461 ·
3820 1430 3939 1484 ἀλλ’

2371 1525 2558 1593 ὥσπερ
2590 1525 2685 1575 καὶ
2727 1524 2824 1591 τὴν
2856 1525 2991 1592 πρὸς
3027 1523 3268 1585 ἐκείνους
3310 1522 3491 1590 μάχην
3521 1522 3657 1589 μετὰ
3692 1523 3791 1588 τῆς
3828 1524 3942 1590 ,φύ-

2375 1635 2507 1679 σεως
2538 1617 2880 1683 δεξαμένους,
2930 1616 3072 1668 οὓτω
3102 1615 3198 1684 τὴν
3232 1617 3453 1667 ἐκείνων
3503 1614 3780 1666 ἀπώλειαν
3821 1614 3941 1680 ἥδι-

2373 1726 2495 1761 στον
2526 1707 2766 1775 νομίζειν
2796 1707 3035 1774 κερδῶν;
3062 1704 3183 1759 Ὅτι
3206 1706 3251 1758 δ’
3282 1706 3379 1759 οὐκ
3403 1705 3526 1758 ἄνευ
3545 1705 3847 1774 χρημάτων
3870 1707 3941 1757 τὰ

2369 1800 2593 1851 τοιαῦτα
2650 1797 2714 1850 ἂν
2744 1796 3109 1865 ἠδυνήθησαν,
3170 1796 3342 1862 γέλως
3400 1796 3497 1863 μὲν
3546 1795 3940 1847 ἀποδεικνύναι

2370 1888 2694 1958 πειρᾶσθαι·
2738 1889 2881 1940 ῐσασι
2908 1887 2963 1938 δὲ
2990 1888 3036 1938 οί
3073 1887 3171 1946 τὰς
3199 1886 3464 1947 ναυτικὰς
3492 1886 3751 1951 δυνάμεις
3778 1885 3940 1951 ἐξαρο

2368 1979 2639 2045 τυόμενοι,
2668 1978 2738 2038 ὡς
2768 1978 2903 2027 ὅσων
2936 1978 3032 2045 μιᾷ
3074 1975 3245 2038 πόλει,
3276 1974 3545 2026 τοσούτων
3581 1975 3662 2025 δεῖ
3708 1976 3805 2025 καὶ
3839 1976 3941 2040 μιᾷ

2370 2067 2458 2135 νηῒ
2490 2067 2851 2133 στρατιώτιδι.
2899 2067 3250 2125 ’Λποστόλους
3305 2065 3344 2115 δ’
3381 2067 3580 2116 ἐκείνοι
3635 2064 3968 2125 τοσούτους

2373 2157 2606 2225 συνεχῶς
2660 2157 3029 2225 ἐξαρτύονται,
3070 2156 3144 2217 ὡς
3200 2155 3418 2207 παιδιάν
3476 2172 3596 2206 τινα
3636 2157 3839 2217 δοκεῖν,
3880 2155 3941 2205 ὃν

2372 2247 2630 2310 Ἕλληνες
2656 2248 2747 2297 ἐπὶ
2778 2246 2977 2315 Τροίαν
3012 2247 3338 2298 ἀπέστειλαν
3362 2264 3374 2275 ·
3409 2246 3549 2297 οὓτω
3595 2245 3664 2296 τὰ
3694 2245 3944 2313 χρήματ’

2355 2341 2552 2400 ,αὐτοῖς
2580 2337 2767 2407 ὥσπερ
2797 2340 2904 2390 ἀπὸ
2931 2339 3124 2407 πηγῶν
3156 2340 3392 2408 ἐπιρρεῖ,
3424 2340 3516 2390 καὶ
3548 2336 3639 2388 τοῦ
3667 2338 3774 2387 τῶν
3808 2354 3945 2403 χρη-

2376 2432 2559 2498 μάτων
2592 2430 2827 2498 πλήθους
2885 2429 2978 2497 ούχ
3012 2424 3172 2498 ἦττον
3208 2429 3266 2480 τὸ
3297 2430 3403 2479 τῶν
3460 2428 3750 2496 σωμάτων.
3784 2426 3944 2477 Κατὰ

2372 2524 2497 2592 ἔθνη
2530 2522 2636 2591 γὰρ
2668 2521 2761 2573 καὶ
2790 2522 2930 2573 κατὰ
2959 2522 3193 2589 φατρίας
3225 2523 3319 2571 καὶ
3352 2523 3488 2572 κατά
3521 2519 3692 2585 φυλὰς
3728 2518 3946 2569 διαϐαί-

2374 2630 2591 2676 νουσιν,
2626 2614 2697 2671 ὼς
2744 2613 2921 2664 δοκεῖν
2963 2613 3151 2664 ἄλλοσε
3206 2608 3627 2679 μετοικίζεσθαι,
3677 2608 3778 2676 τὴν
3838 2624 3943 2657 πα-

2374 2703 2527 2769 τρίδα
2564 2701 2983 2763 καταλιπόντας.
3022 2700 3093 2751 Τὸ
3130 2701 3172 2751 δ’
3201 2701 3293 2751 ἐπὶ
3320 2697 3491 2751 ταῦτα
3539 2695 3723 2748 κινοῦν
3754 2689 3801 2747 εἴ
3844 2697 3947 2761 μὲν

2372 2793 2432 2843 τὸ
2480 2792 2766 2858 συναλγεῖν
2804 2794 2935 2859 ἡμῖν
2976 2790 3118 2842 εἴποι
3164 2806 3271 2853 τις,
3315 2791 3409 2841 καὶ
3447 2790 3732 2855 συμφορὰν
3766 2791 3945 2837 ποιεῖ-

2378 2881 2499 2932 σθαι
2534 2881 2597 2931 τὰ
2624 2879 2863 2947 ἡμέτερα
2914 2878 3084 2946 πάθη,
3143 2878 3193 2928 τί
3224 2880 3332 2938 τοῖς
3368 2874 3583 2942 γονεῦσι
3619 2876 3744 2941 περὶ
3792 2875 3948 2943 ἡμᾶς

2378 2969 2750 3031 ἐπιδείξασθαι
2787 2967 2947 3019 πλέον
2984 2966 3304 3028 κατέλιπον,
3337 2968 3385 3017 εί
3412 2965 3467 3017 δὲ
3496 2966 3593 3031 τὴν
3621 2965 3713 3015 ἐπὶ
3732 2962 3946 3024 τούτοις

2377 3062 2533 3123 δόξαν
2559 3057 2717 3111 ἆθλον
2745 3057 2843 3125 τῆς
2892 3058 3159 3124 τοσαύτης
3192 3054 3591 3124 μεγαλοψυχίας
3633 3052 3947 3114 ποιοῦνται,

2300 3166 2344 3227 C
2379 3152 2493 3202 πότ’
2528 3151 2591 3202 ἂν
2630 3144 2771 3203 οὗτοι
2799 3148 3009 3220 μικρῶν
3044 3165 3202 3200 τινων
3247 3148 3406 3198 ἕνεκα
3454 3148 3577 3206 τοὺς
3624 3145 3950 3212 συμμάχους

2380 3239 2796 3305 ἐγκαταλίποιεν
2826 3254 2840 3268 ·
2875 3237 2906 3305 ἦ
2956 3238 3072 3297 πῶς
3098 3237 3196 3287 οὐκ
3224 3235 3287 3287 ἂν
3324 3235 3538 3304 βοηθεῖν
3570 3234 3818 3295 ἐκείνοις,
3850 3233 3950 3294 οὓς

2378 3330 2669 3391 σώσαντες,
2700 3327 2964 3395 τοσαύτην
3007 3325 3246 3378 οἴσεσθαι
3286 3326 3534 3393 μέλλουσι
3563 3324 3754 3387 δόξαν;
3815 3324 3868 3375 εί
3900 3324 3949 3376 δ’

2375 3420 2400 3469 ὃ
2439 3420 2622 3488 μεῖζον
2655 3419 2745 3468 καὶ
2789 3416 3150 3484 ἀληθέστερον
3180 3415 3321 3468 εἴποι
3358 3433 3461 3479 τις,
3488 3415 3561 3477 ὡς
3620 3414 3854 3482 ὁρῶντες
3890 3416 3953 3465 ὲν

2378 3512 2485 3567 τοῖς
2510 3506 2725 3567 οἰκείοις
2754 3506 2848 3556 καὶ
2872 3499 2942 3555 ὧν
2971 3504 3044 3565 ὠς
3075 3505 3294 3556 οἰκείων
3325 3504 3503 3571 μελῶν
3539 3503 3811 3570 κήδονται,
3843 3503 3952 3570 τὴν

2378 3594 2656 3648 εὖσέϐειαν
2718 3590 3173 3645 κινδυνεύουσαν·
3232 3594 3326 3644 καὶ
3380 3592 3506 3653 τοὺς
3562 3592 3676 3659 μετ’
3741 3590 3954 3654 αὐτῶν,

2378 3689 2475 3740 καὶ
2530 3686 2596 3737 δι’
2650 3684 2827 3737 αὐτῶν
2864 3684 3077 3734 πάντων
3129 3682 3484 3751 κρατοῦντας,
3522 3685 3633 3744 τοῖς
3672 3683 3954 3751 πρότερον

2380 3777 2733 3845 ἀνδραπόδοις
2779 3774 3256 3843 ἀναγκαζομένους
3314 3774 3608 3838 δουλεύειν,
3663 3774 3816 3826 αὐτοὶ
3853 3775 3954 3827 τὸν

2382 3870 2520 3939 ὑπὲρ
2562 3870 2667 3921 τῶν
2703 3868 2837 3920 ὅλων
2864 3868 3178 3931 ἀνεδέξαντο
3223 3866 3463 3917 κίνδυνον
3485 3904 3498 3929 ,
3536 3867 3593 3917 ἓν
3625 3865 3779 3917 τούτο
3811 3881 3953 3917 axo-

2383 3961 2631 4021 πούντες,
2666 3961 2813 4019 ὅπως
2851 3959 2951 4026 τὴν
2986 3959 3293 4026 ἁγιωτάτην
3361 3958 3657 4026 θρησκείαν
3705 3958 3801 4025 τῆς
3830 3956 3954 4009 τῶν

2384 4051 2596 4105 ἀσεϐῶν
2640 4049 2847 4117 ὕϐρεως
2881 4050 3262 4117 ἐξαρπάσωσι’
3300 4049 3416 4109 πῶς
3449 4049 3544 4117 οὐχ
3577 4050 3851 4116 ὑπερφυὲς
3889 4049 3954 4102 τὸ

2386 4141 2504 4194 κατ’
2534 4140 2751 4203 αὐτοὺς,
2893 4139 2944 4191 τί
2997 4156 3080 4195 τις
3124 4139 3500 4208 λαμπρότερον
3529 4138 3802 4199 εὐσεϐείας
3826 4140 3954 4202 ἐξε-

2386 4232 2579 4297 νέγκαι
2613 4231 2952 4298 τεκμήριον;
2993 4228 3045 4281 οἴ
3080 4246 3139 4295 γε
3174 4231 3283 4288 τοῖς
3320 4229 3409 4279 τὸν
3443 4228 3675 4297 Χριστὸν
3701 4230 3951 4297 βλασφη-

2392 4318 2572 4387 μοῦσι,
2628 4319 2876 4380 καὶτοῖς
2927 4318 3133 4369 ἐκείνου
3191 4319 3356 4377 θείοις
3419 4318 3599 4383 νόμοις
3661 4319 3759 4383 τὴν
3813 4318 3953 4385 παρ’

2394 4413 2605 4471 ἑαυτοῖς
2638 4410 3041 4461 ἀντιτάττουσιν
3073 4408 3320 4475 ἀνομίαν,
3360 4409 3454 4458 καὶ
3497 4409 3609 4469 τοῖς
3643 4408 3735 4458 ἀπ’
3770 4409 3950 4460 αὐτοῦ

731 4491 999 4560 siquidem
1058 4486 1565 4555 blasphemantibus
1617 4486 1915 4544 Christum,
1977 4484 2274 4551 divinisque

2391 4495 3036 4564 καλουμένοιςτοσαύτας
3065 4493 3418 4562 περιτιθεῑσιν
3451 4494 3711 4558 ἀνάγκας,
3740 4494 3813 4553 ὠς
3842 4497 3953 4546 οὐκ

731 4579 850 4649 ejus
910 4578 1119 4645 legibus
1154 4590 1303 4630 suam
1352 4576 1592 4642 ipsorum
1644 4573 2049 4642 opponentibus
2085 4573 2282 4639 iniqui-

732 4681 921 4730 tatem.
955 4671 1119 4738 inque
1150 4677 1325 4721 tantas
1355 4669 1701 4721 necessitates
1736 4667 1909 4719 dictus
1942 4665 2009 4718 ab
2039 4680 2103 4717 eo
2131 4664 2287 4715 Chri-

733 4764 942 4815 stianos
975 4761 1342 4825 mittentibus,
1396 4770 1455 4813 ut
1503 4775 1568 4812 ne
1606 4760 1825 4828 quidem
1874 4757 2075 4824 alioqui
2128 4756 2287 4809 liceat

735 4853 845 4905 vita
878 4852 1221 4919 superstitem
1258 4867 1399 4913 esse,
1448 4851 1553 4903 nisi
1592 4866 1709 4903 eam
1755 4850 1875 4916 quis
1924 4849 2105 4901 laudet
2159 4863 2283 4901 cor-

740 4944 1069 5011 ruptionem,
1124 4942 1220 4995 soli
1274 4958 1329 4995 se
1366 4942 1633 4996 universis
1677 4940 2010 5008 adversaque
2046 4940 2161 4993 acie
2190 4940 2285 4992 ob-

732 5035 1002 5102 jecerunt.
1038 5034 1115 5085 Ac
1166 5047 1340 5100 neque
1390 5035 1580 5085 civitas
1611 5043 1725 5097 est;
1783 5048 1889 5085 non
1924 5033 2098 5085 insula
2128 5049 2141 5097 ;
2179 5048 2286 5085 non

738 5124 1046 5185 continens,
1084 5122 1175 5176 ubi
1226 5138 1331 5175 non
1370 5124 1429 5186 ii,
1477 5124 1619 5176 illius
1654 5124 1751 5191 pro
1784 5124 1983 5191 pietate
2022 5124 2119 5177 zeli
2154 5124 2290 5179 assi-

738 5209 846 5261 due
884 5213 1161 5276 specimen
1208 5210 1388 5271 edant,
1434 5227 1528 5265 eos
1570 5210 1634 5263 ad
1670 5210 1852 5263 ﬂetum
1888 5222 2159 5280 cogentes,
2194 5212 2286 5279 qui

742 5299 989 5353 irrisioni
1018 5300 1270 5367 pietatem
1301 5301 1523 5355 habent.
1562 5302 1625 5354 lli
1658 5311 1783 5354 sunt
1810 5303 1899 5367 qui
1933 5302 1984 5353 in
2016 5302 2197 5356 Africa
2228 5317 2291 5356 ac

738 5390 1063 5459 Carthagine
1088 5407 1372 5463 numerosa
1399 5392 1695 5445 triremium
1720 5394 1912 5456 classe,
1942 5407 2003 5445 ac
2028 5392 2292 5461 pedestri-

742 5478 843 5531 bus
866 5481 1035 5549 copiis
1054 5481 1411 5538 Barbarorum
1432 5483 1679 5553 injuriam
1710 5483 1966 5566 cohibeqt
1986 5501 1998 5536 :
2020 5486 2219 5552 quique
2238 5484 2290 5536 in

744 5566 1037 5641 Egyptum
1079 5582 1380 5640 moventes,
1410 5576 1625 5628 illorum
1660 5576 1999 5643 metropolim
2034 5575 2167 5643 igni,
2198 5590 2291 5627 ca-

745 5662 1058 5729 daveribus,
1112 5678 1175 5716 ac
1220 5665 1512 5718 ruderibus
1552 5666 1913 5733 repleverint:
1948 5666 2128 5719 Asiam
2163 5664 2301 5719 vero

753 5749 834 5803 sic
880 5750 1249 5819 percusserint
1296 5753 1712 5821 terruerintque,
1764 5762 1821 5807 ut
1854 5754 2029 5822 magni
2064 5754 2287 5809 aestimet

2391 4588 2508 4640 ἐνὺν
2538 4586 2707 4646 ἄλλως
2739 4584 2860 4653 ζῇν,
2886 4584 2949 4634 ἂν
2984 4584 3057 4650 μή
3090 4600 3172 4643 τις
3208 4583 3421 4649 ἐκείνην
3452 4584 3644 4650 ἐπαινῇ
3694 4582 3787 4650 τὴν
3818 4585 3952 4650 φοο-

2394 4679 2509 4746 ρὰν,
2540 4676 2687 4741 μόνοι
2718 4675 2878 4725 πᾶσιν
2902 4674 3123 4729 ἑαυτοὺς
3145 4672 3527 4739 ἀντεξήγαγον,
3550 4671 3657 4721 Καὶ
3682 4672 3778 4721 οὐκ
3797 4671 3952 4724 ἔστιν

2391 4765 2450 4817 οὐ
2488 4763 2663 4825 πόλις,
2697 4762 2753 4813 ού
2786 4761 2964 4829 νῆσος,
2991 4762 3087 4811 οὐκ
3111 4761 3365 4828 ⁴ἤπειρος,
3395 4753 3453 4811 οὗ
3492 4760 3563 4828 μὴ
3596 4759 3825 4827 συνεχῶς
3856 4754 3956 4812 οὖ-

2391 4873 2470 4908 τοι
2509 4856 2599 4907 τὺν
2634 4854 2769 4921 ὑπὲρ
2824 4857 2918 4921 τῆς
2971 4853 3250 4913 εὐσεϐείας
3300 4852 3697 4904 ἐπιδείκνυνται
3757 4852 3949 4920 ζῆλον,

2392 4947 2602 4999 κλαίειν
2634 4944 3030 5010 ἀναγκάζοντες
3076 4945 3200 5005 τοὺς
3253 4943 3350 5010 τῆς
3396 4941 3673 5001 εὖσεϐείας
3705 4959 3955 5008 καταγε-

2390 5036 2614 5097 λῶντας.
2639 5032 2793 5089 Οὗτοι
2819 5036 2922 5101 γάρ
2948 5037 3084 5085 εἰσιν
3108 5037 3152 5085 οἱ
3180 5034 3315 5101 πρὸς
3346 5031 3520 5101 Λιϐύῃ
3548 5033 3644 5099 μὲν
3674 5034 3768 5083 καὶ
3800 5034 3957 5101 Καρ-

2397 5127 2576 5195 χηδόνι
2598 5125 2816 5185 πολλαῖς
2842 5126 3093 5194 τριήρεσι
3136 5125 3229 5175 καὶ
3274 5123 3426 5190 πεζῇ
3460 5122 3683 5189 δυνάμει
3713 5126 3809 5191 τὴν
3835 5126 3956 5179 τῶν

2395 5199 2684 5283 βαρϐάρων
2745 5213 2900 5281 ὓϐριν
2967 5215 3331 5281 ἀνείργοντες.
3369 5211 3685 5275 Δίγυπτίοις
3738 5213 3791 5273 δὲ
3824 5215 3952 5266 ἐπι-

2398 5304 2849 5375 στρατεύσαντες,
2882 5307 2972 5358 καὶ
3002 5306 3099 5369 τὴν
3131 5303 3353 5355 ἐκείνων
3396 5304 3955 5381 μητρόπολιν’πυρδς

2396 5398 2488 5448 καὶ
2523 5394 2729 5463 νεκρῶν
2782 5396 2874 5445 καὶ
2929 5394 3180 5461 ἐρειπίων
3227 5394 3603 5461 ἐμπλήσαντες
3629 5409 3646 5424 ο
3682 5393 3867 5445 Ἀσίαν
3900 5397 3955 5452 δ’

2394 5463 2541 5538 οὗτοί
2556 5484 2879 5552 πλήξαντες,
2913 5484 3041 5537 ὥστ’
3070 5485 3285 5552 ἀγαπᾷν
3320 5487 3369 5539 εί
3411 5487 3483 5552 μή
3512 5500 3561 5535 τι
3597 5486 3905 5552 προσπάθοι
3932 5504 3950 5521 ο
3976 5488 3979 5489 ⁷

2392 5579 2518 5637 τοὺς
2560 5575 2604 5626 δ’
2652 5577 2708 5626 ἐν
2744 5574 3118 5646 Ἑλλησπόντῳ
3158 5576 3249 5626 καὶ
3289 5575 3609 5642 Προποντίδι
3660 5579 3755 5628 καὶ
3807 5578 3954 5645 πρὸς

2399 5667 2567 5734 μόνην
2590 5665 2689 5732 τὴν
2720 5665 2887 5732 ἀκοὴν
2906 5666 3002 5732 τῆς
3028 5666 3205 5716 αὐτῶν
3233 5667 3513 5733 δυνάμεως
3544 5667 3957 5734 ἀναγκάζοντες

2396 5755 2658 5823 φρίττειν.
2702 5753 2907 5807 Ἀλλων
2936 5755 2990 5807 δέ
3023 5772 3183 5808 τινων
3209 5755 3347 5823 ὑπὲρ
3380 5755 3468 5806 τὸν
3496 5755 3785 5809 Καύκασον
3818 5776 3954 5828 μαι-
