4166 6330
158 447 267 508 983

1077 423 1360 513 ennio
1404 457 1547 516 eno
1591 458 1953 517 SUBSIDIO
1996 459 2465 520 LA'I‘INORUM.

3296 463 3398 522 986

154 560 419 628 νομένων,
445 562 535 613 καὶ
557 561 634 632 τῷ
665 581 735 615 πυ
748 563 801 630 pi.
823 564 1210 633 προσαγόντων
1233 567 1266 618 ἃ
1293 569 1558 638 προσήκει
1583 570 1725 640 Θεῷ,

1842 569 1968 622 nihil
1988 571 2110 622 mali
2137 571 2414 638 amplioris
2435 569 2578 639 pati:
2615 568 2707 639 qui
2737 569 3144 638 l-lellespontnm
3165 583 3226 623 ac
3268 571 3399 622 Pro-

153 651 348 722 ὦσπερ
379 654 477 705 ούκ
508 654 687 718 ἀλλοις
731 655 871 725 ὑπὲρ
908 656 1004 724 τῆς
1051 657 1202 719 Θείας
1237 659 1395 727 δόξης
1447 662 1721 729 προσῆκον

153 746 515 809 ἀγανακτεῖν,
553 741 695 800 οὗτοι
726 750 836 810 τοῖς
872 748 1056 809 ὅπλοις
1084 751 1309 810 ἐκείνοις
1347 753 1720 817 ἐπιπεσόντες,

153 836 259 900 τὴν
300 837 525 891 ἐκείνων
563 838 792 893 ἔσϐεσαν
822 840 1068 906 ἀλογίαν,
1102 842 1364 896 ἀποικίαν
1393 859 1451 894 τε
1484 844 1732 912 πέμπον-

154 942 278 990 τες,
330 931 424 980 καὶ
476 930 675 998 νόμους
715 931 1010 998 τιθέμενοι,
1065 935 1157 984 καὶ
1207 934 1385 985 πάντα
1425 934 1626 1001 τρόπον
1663 934 1730 986 τὰ

157 1018 273 1069 τῶν
304 1019 594 1090 βαρϐάρων
624 1021 1020 1089 ἐξημεροῦντες
1049 1036 1063 1050 ⁸
1099 1022 1270 1084 οὕτως
1306 1025 1583 1092 ἀμήχανόν
1611 1041 1731 1076 τινα

160 1109 427 1175 φροντίδα
453 1110 510 1162 τὸ
537 1114 686 1164 Θεῖον
707 1112 844 1181 ὑπὲρ
875 1113 1153 1173 εὐσεϐείας
1180 1115 1295 1174 ταῖς
1315 1115 1538 1166 ἐκείνων
1571 1114 1732 1182 ἐνῆκε

152 1200 400 1268 ψυχαῖς·
460 1203 596 1256 ὥστε
635 1202 778 1254 τοῦτ’
833 1205 1017 1266 αὐτοῖς
1050 1199 1187 1256 εἶναι
1244 1205 1379 1272 βίον,
1432 1210 1522 1257 καὶ
1575 1204 1733 1256 τοῦτο

156 1297 409 1356 σκοπεῖν,
437 1295 516 1345 ὅτι
541 1294 664 1356 τοὺς
702 1294 1014 1362 βαρϐάρους
1049 1296 1368 1364 πλήξαντες,
1399 1295 1608 1356 ἀθὼους
1632 1295 1730 1362 τῆς

153 1385 387 1438 ἐκείνων
419 1368 778 1454 ῦϐρεως’τοί›ς
813 1386 931 1455 μετ’
972 1388 1251 1448 εὐσεϐείας
1287 1388 1596 1457 ᾑρημένους
1633 1385 1730 1452 ζῇν

155 1475 566 1538 ἀποδείξουσιν.

1832 659 2111 726 pontidem
2142 659 2525 721 incolentibus,
2568 659 2754 712 auditu
2775 660 2888 712 solo
2930 674 3119 712 eorum
3153 661 3395 720 virtutis,

1834 749 2112 802 horrorem
2139 750 2400 818 injiciant.
2430 749 2562 802 Cum
2595 760 2775 803 autem
2802 753 2889 803 alii
2920 751 3137 822 quidam
3177 751 3229 803 in
3259 753 3400 816 Cau—

1833 839 1941 890 casi
1967 840 2237 892 montanis
2258 840 2446 892 insano
2468 855 2676 900 errore,
2702 841 2808 892 Deo
2831 841 3064 904 debitos,
3095 841 3200 909 igni
3222 839 3402 893 defer-

1835 939 1954 981 rent
1979 930 2236 992 honores,
2281 939 2534 997 tanquam
2570 931 2701 983 nulli
2730 932 2818 982 alii
2852 945 3034 983 essent
3075 931 3272 996 quibus
3302 947 3400 997 pro

1835 1019 1928 1071 Dci
1963 1019 2128 1086 gloria
2156 1017 2540 1085 indignandum
2567 1019 2930 1083 incumberet,
2953 1022 3219 1090 correptis
3236 1021 3403 1072 armis

1847 1111 1899 1162 in
1934 1125 2029 1162 eos
2056 1109 2390 1170 invadentes,
2427 1111 2658 1162 alienam
2689 1125 2716 1162 a
2757 1109 2966 1163 ratione
2995 1126 3182 1163 eorum
3216 1126 3403 1176 super-

1836 1202 2115 1254 stitioueni
2147 1201 2562 1262 cxstinxcrunt;
2597 1201 2878 1254 rnittenles
2907 1201 3198 1262 Coloniam,
3229 1202 3399 1254 acle-

1835 1292 1992 1356 gibus
2048 1289 2426 1350 informantes,
2467 1278 2730 1358 omnique
2786 1291 2945 1344 modo
2987 1292 3250 1344 Barbaros
3296 1295 3398 1344 de.-

1837 1383 2130 1435 linientes:
2193 1382 2270 1434 sic
2315 1382 2457 1434 Deus
2493 1380 2812 1434 immensam
2868 1383 3157 1450 quamdam
3216 1398 3400 1433 curant

1841 1473 2059 1540 pietatis
2089 1489 2217 1541 ergo
2243 1488 2304 1526 ae
2342 1455 2622 1541 religionis
2660 1473 2873 1525 illorum
2915 1474 3109 1524 animis
3141 1473 3398 1529 immisit:

156 1579 219 1622 ut
253 1571 370 1625 haec
401 1587 592 1624 eorum
633 1573 743 1625 vita
789 1572 881 1635 sit,
926 1572 970 1646 is
1003 1586 1223 1640 scepus,
1265 1579 1323 1624 ut
1353 1569 1728 1637 pereutientes
1769 1582 1831 1620 ac
1861 1567 2218 1636 percellentes
2245 1566 2531 1630 Barbaros,
2572 1568 2637 1621 ab
2702 1583 2889 1620 eorum
2957 1568 3154 1635 injuria
3191 1566 3401 1619 incolu-

157 1679 281 1718 mes
315 1674 533 1717 servent
565 1665 784 1732 pietatis
810 1665 1068 1719 cultores.

230 1759 470 1817 Τούτους
507 1760 602 1825 μὲν
653 1756 746 1812 οὖν
775 1763 875 1812 κᾶν
935 1762 1009 1830 μὴ
1076 1760 1430 1829 βουλομένους
1478 1761 1569 1811 καὶ
1627 1761 1725 1825 τὴν

1907 1758 2014 1811 llos
2058 1768 2198 1810 sane
2240 1758 2448 1809 tametsi
2504 1758 2733 1813 nollent.
2801 1755 3033 1826 bellique
3094 1755 3402 1806 societatem

156 1850 483 1920 συμμαχίαν
543 1851 988 1919 ἀπαγορεύοντας
1057 1853 1163 1904 ἔδει
1223 1849 1724 1919 προσαναγκάζειν,

1842 1848 2222 1907 detrectarent.
2266 1849 2478 1900 abunde
2526 1862 2622 1899 nos
2657 1854 2934 1914 oporteret
2964 1860 3178 1912 cogere.
3213 1860 3408 1912 rogat.—

152 1941 444 2005 δεομένους
477 1943 566 1992 καὶ
613 1943 852 2010 χρήμαθ’
896 1944 1378 2011 ὑπισχνουμένους,
1421 1943 1514 1993 καὶ
1558 1943 1735 1992 πάντα

159 2023 475 2087 ποιοῦντας,
523 2025 590 2077 δι’
635 2020 710 2077 ὧν
761 2027 845 2083 ἂν,
881 2028 997 2096 μεθ’
1047 2030 1203 2097 ἡμῶν
1263 2029 1449 2091 στῆναι
1508 2026 1726 2083 τούτους

160 2115 479 2183 ἐπείθομελ,
501 2117 706 2168 οὐδέσιν
734 2118 938 2186 ἑτέροις
967 2119 1165 2185 μᾶλλον
1189 2119 1406 2188 θαρρεῖν
1434 2119 1644 2188 ἔχοντες
1671 2120 1733 2169 ἐκ

161 2199 276 2251 τῶν
297 2201 648 2269 κείρημένων.
693 2203 844 2254 Ἐπεὶ
886 2203 942 2256 δὲ
972 2205 1194 2266 τούτους
1234 2206 1493 2272 ἧγγελται
1529 2207 1620 2258 καὶ
1667 2204 1731 2273 δὴ

161 2293 442 2354 παρεῖναι,
472 2291 567 2340 καὶ
611 2290 712 2358 τὴν
759 2293 1078 2360 συμμαχίαν
1109 2296 1242 2363 ἡμῖν
1276 2294 1732 2361 ἐπαγγελλόμενοι

158 2379 276 2438 τοῖς
305 2377 478 2429 οὐκέτ’
517 2380 834 2446 ἀντέχουσιν
866 2376 1022 2450 ἧκον,
1059 2383 1152 2433 καὶ
1177 2384 1282 2435 τῶν
1308 2383 1567 2445 πολλάκις
1596 2383 1733 2451 ὑπὲρ

160 2464 327 2532 ἡμῶν
382 2467 520 2516 κατὰ
563 2467 670 2518 τῶν
725 2468 1013 2537 βαρϐάρων
1059 2469 1242 2531 αὐτοῖς
1284 2469 1735 2544 ἐπιδεδειγμένων

165 2557 635 2626 ἀναμνησθέντες,
676 2553 838 2628 ἦλθον
897 2561 1272 2624 ἀποδώσοντες
1327 2563 1428 2630 μὲν
1475 2563 1591 2630 Θεῷ
1636 2563 1734 2629 τὴν

165 2649 499 2713 ἀναγκαίαν,
526 2651 619 2701 καὶ
643 2650 708 2719 ἣν
741 2651 888 2720 αύτῷ
921 2653 1136 2718 μάλιστ’
1159 2651 1390 2719 ὀφείλειν
1423 2653 1736 2721 νομίζουσιν

165 2739 457 2805 εἰσφορὰν,
481 2740 806 2807 ἀμυνόμενοι
833 2741 888 2793 δέ
925 2743 1021 2793 καὶ
1049 2743 1187 2813 ὑπὲρ
1237 2745 1414 2809 ἡμῶν,
1453 2745 1545 2805 οῦς
1578 2747 1735 2814 ἡμεῖς

166 2829 270 2895 οὐχ
324 2816 423 2880 οἷοί
474 2830 521 2880 τ’
562 2833 745 2897 ἐσμὲν,
797 2832 970 2902 τολμᾷ
1017 2851 1098 2896 τις
1150 2835 1379 2888 ἐνταῦθα
1433 2825 1738 2902 συμὸουλῆς

172 2917 512 2985 μεμνῆσθαι,
548 2921 641 2971 καὶ
669 2919 924 2987 συνάγειν
965 2925 1088 2985 τοὺς
1118 2923 1506 2997 σκεψομένους,
1535 2930 1581 2976 εἰ
1622 2925 1738 2975 δέον

167 3010 321 3076 ἡμᾶς
353 3009 667 3077 ἐλευθέρους
703 3008 877 3078 εἶναις
919 3012 1089 3065 Τοῦτο
1139 3014 1248 3082 γὰρ
1273 3016 1528 3081 ἄντικρυς
1560 3018 1736 3076 αὐτοῖς

169 3116 320 3167 φημι
383 3099 657 3166 βούλεσθαι
709 3103 803 3171 τὴν
867 3104 1016 3171 παρὰ
1080 3105 1264 3172 καιρδν
1309 3105 1510 3172 ταύτην
1578 3107 1746 3157 5.3M;

167 3189 346 3253 ϐειαν,
390 3191 420 3258 ἢ
462 3191 660 3257 μᾶλλον
697 3193 1069 3261 ἀναισθησίαν.
1110 3195 1170 3246 EE
1210 3197 1306 3263 μὲν
1339 3197 1446 3265 γὰρ
1490 3196 1521 3264 ἢ
1554 3197 1626 3264 μὴ
1662 3197 1738 3249 δεῖ

171 3280 479 3348 συμμάχων
531 3282 682 3348 ἡμῖν,
723 3283 753 3351 ἢ
792 3283 993 3334 τούτων
1049 3283 1177 3352 ἐξῆν
1211 3285 1459 3345 καλλίους
1513 3287 1740 3354 πορίσα-

174 3371 328 3432 σθαι,
361 3372 390 3440 ἢ
423 3374 581 3441 τυχὸν
617 3375 1099 3426 ὁποιουστινασοῦν
1127 3375 1256 3438 γοῦν
1289 3374 1398 3426 οἷον
1425 3379 1471 3428 τ’
1499 3375 1564 3446 ἦν
1591 3381 1739 3442 ἐξευ-

172 3464 315 3528 ρεῖν,
348 3456 490 3529 εἶχεν
526 3463 590 3514 ἀν
618 3480 736 3514 τινα
774 3463 928 3528 λόγον
959 3465 1070 3524 τοῖς
1113 3466 1460 3533 παραπλῆξιν
1496 3469 1525 3534 ὴ
1563 3468 1739 3520 πάντα

168 3555 376 3615 ἄτοπος
408 3552 546 3622 αῦτη
582 3553 781 3623 βουλή·
817 3558 936 3607 ἐπεὶ
959 3556 1012 3608 δέ
1050 3557 1114 3609 τά
1160 3559 1258 3624 μὲν
1298 3558 1395 3626 τῆς
1429 3559 1633 3622 πόλεως
1664 3561 1740 3612 οί-

171 3656 356 3708 χεται,
395 3644 484 3692 καὶ
516 3643 640 3693 καθ’
671 3643 895 3705 ἑαυτοὺς
922 3646 1236 3710 ἀνενεγκεῖν
1264 3647 1412 3712 ἡμᾶς
1440 3648 1608 3699 πάλαι
1635 3647 1741 3698 τῶν

171 3731 456 3806 ἀδυνάτων
497 3732 553 3785 ὃν
575 3733 846 3801 κέκριται,
877 3735 969 3795 οὓς
999 3737 1040 3787 δ’
1068 3736 1131 3787 ἂν
1158 3737 1495 3802 ἐκαλέσαμεν
1525 3739 1741 3806 συμμά-

135 3865 138 3867 .
171 3839 324 3890 κους,
356 3814 499 3874 οὗτοι
532 3824 729 3884 πάντες
758 3827 856 3892 τὴν
889 3824 997 3875 τῶν
1035 3826 1306 3893 πολεμίων
1351 3827 1606 3896 εἰλήφασι
1647 3829 1740 3880 τά-

175 3910 264 3972 ξιν
285 3925 301 3940 ⁸
327 3911 468 3963 οὕτω
499 3911 545 3960 δ’
574 3913 687 3979 ἔχει
715 3913 882 3981 τύχης
913 3916 980 3966 τὰ
1036 3919 1336 3985 πράγματα
1372 3919 1488 3982 νῦν,
1537 3921 1664 3973 ὥστ’
1697 3924 1747 3973 εἴ

171 4019 259 4062 τις
287 4004 434 4069 ἡμᾶς
469 4002 666 4070 ἔροιτο,
700 4005 869 4057 Τίνων
919 4007 1039 4058 ἐστέ
1099 4009 1309 4077 κύριρις
1345 4011 1466 4079 μηδ’
1516 4013 1580 4064 ἀν
1617 4013 1746 4063 αὐτὸ

171 4093 440 4162 τοῦδαφος
496 4096 894 4166 ἀποκρίνασθαι
929 4099 1115 4151 λοιπὸν
1164 4101 1428 4169 ὑπάρχειν
1460 4104 1592 4170 ἡμῖν
1617 4117 1629 4132 ο
1662 4103 1744 4164 τίς

172 4189 205 4254 ή
261 4185 563 4251 φιλονεικία
609 4187 676 4238 δι’
723 4189 788 4257 ἢν
825 4190 1002 4242 πάντα
1038 4190 1461 4256 ἀπολωλεκότες,
1512 4193 1605 4246 νῦν
1654 4195 1745 4247 καὶ

170 4279 282 4331 τῶν
311 4278 540 4332 ἐλπίδων
572 4281 749 4334 αὐτῶν
783 4281 1176 4337 κινδυνεύομεν
1211 4286 1574 4336 στερηθῆναιο

250 4546 320 4596 Ἣ
366 4542 501 4612 πρὸς
534 4543 634 4612 μὲν
659 4544 785 4606 τοὺς
812 4543 988 4606 δεῖνας
1016 4543 1273 4614 πρέσϐεις
1317 4546 1737 4614 ἀποστελοῦμεν,
1778 4559 1815 4610 n

177 4637 272 4688 καὶ⁹
309 4637 569 4703 χρήματα
602 4635 872 4705 δώσομεν,
908 4637 1002 4687 καὶ
1041 4636 1247 4704 γάμους
1300 4638 1743 4706 ύποσχησόμεθα,

174 4728 272 4777 καὶ
313 4727 441 4786 τοὺς
472 4725 787 4794 οἰκοτρίόας
819 4725 912 4777 ἐπὶ
943 4725 1038 4786 τὰς
1089 4727 1410 4793 ὑπερορίους
1459 4730 1745 4795 στρατείας

177 4817 483 4884 κινήσομεν
507 4831 520 4846 ³
552 4811 679 4879 τοὺς
709 4818 764 4870 δέ
799 4820 1000 4885 προῖκα
1049 4821 1356 4884 συμμαχεῖν
1389 4819 1744 4886 βουλομένους

174 4905 648 4974 ἀποπεμψάμεθα,
676 4907 736 4958 τὸ
767 4906 997 4978 μηδενὸς
1025 4907 1177 4973 ἡμῶν
1204 4907 1411 4958 δεῖσθαι
1445 4910 1626 4976 μὸνον,
1669 4910 1743 4972 ὠς
1774 4895 1778 4898 Ἴ

178 4997 386 5059 ἔοικεν,
420 4997 633 5064 ἔχοντες
675 4997 961 5060 ἐγκαλεῖν·
1001 4997 1096 5048 καὶ
1147 5000 1269 5059 τοὺς
1304 5000 1402 5067 μὲν
1457 4999 1530 5070 μὴ
1565 5000 1746 5068 βουλο-

181 5088 384 5153 μένους
414 5090 841 5159 ἐπιχειρήσομεν
878 5087 1085 5141 πείθειν
1108 5103 1121 5117 ·
1157 5090 1204 5140 εί
1235 5090 1292 5142 δέ
1328 5108 1408 5153 τις
1440 5094 1745 5160 αὐτόματος
1799 5080 1806 5086 ”

178 5172 328 5258 ἧκε)
381 5182 908 5248 καταφρονήσομενο
965 5179 1059 5230 καὶ
1111 5178 1187 5247 μὴ
1245 5183 1603 5246 φαινομένους
1651 5185 1746 5251 μὲν

179 5269 315 5329 τοὺς
359 5269 679 5337 συμμάχους
707 5269 1036 5339 ποθήσομεν,
1072 5269 1347 5337 φανέντων
1378 5272 1433 5323 δὲ
1481 5273 1749 5343 ἀμελήσο-

183 5376 291 5428 μεν
318 5375 331 5390 ·
381 5359 474 5412 καὶ
507 5360 614 5411 τῶν
647 5360 746 5428 μὲν
787 5361 1045 5413 κινδύνων
1088 5361 1433 5426 ἐφεστώτων.
1465 5361 1575 5414 θεοί
1605 5381 1747 5424 τινες

181 5445 333 5503 εἶναι
358 5451 604 5521 δόξομεν,
635 5451 732 5503 καὶ
757 5451 866 5520 τὴν·
886 5451 1137 5520 εὐτυχίαν
1186 5453 1317 5518 ἡμῖν
1352 5453 1619 5507 ἀθάνατον
1653 5472 1748 5507 πε-

183 5541 468 5612 πηγέναι;
503 5541 696 5594 Καίτοι
735 5542 782 5592 εί
839 5541 938 5609 μὲν
993 5542 1158 5610 μηδὲν
1211 5543 1325 5593 ἐστι
1379 5532 1746 5613 προσδοκῆσαι

184 5630 325 5696 παρ’
352 5631 534 5683 αὐτῶν
566 5631 849 5701 βλαϐερὸν,
885 5632 999 5691 πῶς
1031 5633 1091 5684 οὐ
1125 5633 1274 5700 παρά
1310 5635 1498 5698 καιρὸν
1529 5637 1659 5702 ἡμῖν
1691 5635 1747 5686 τὸ

183 5719 580 5790 βουλεύεσθαις
611 5721 659 5773 εί
687 5720 733 5774 δ’
777 5721 977 5789 ὑποψία
1029 5720 1218 5773 κακῶν
1261 5722 1354 5772 ἐπὶ
1410 5722 1554 5774 τοῦθ’
1601 5725 1746 5791 ἡμᾶς

182 5813 339 5878 ἀγει,
369 5811 578 5866 είπάτω
612 5829 697 5875 τις
743 5812 801 5865 τὸ
835 5811 973 5875 δέος,
1003 5809 1070 5863 δι’
1104 5810 1130 5864 δ
1169 5811 1356 5867 πιθεῖν
1385 5814 1443 5865 ού
1485 5814 1742 5878 δέδοικεν,

1835 1949 1935 1996 tes.
1986 1939 2367 2007 promittentes
2400 1939 2679 2006 pecunias,
2730 1938 3021 2004 omniaque
3066 1947 3404 2004 praestantes,

1833 2030 2032 2099 quibus
2070 2029 2347 2082 nobiscqu
2377 2039 2519 2081 stare.
2555 2029 2934 2089 suaderemus,
2971 2043 3091 2080 cum
3121 2043 3182 2079 ex
3226 2029 3404 2089 dictis,

1834 2121 1997 2173 nullis
2021 2119 2138 2172 aliis
2170 2120 2393 2186 perinde
2431 2118 2596 2170 ﬁdere
2626 2118 2940 2170 habeamus.
2981 2117 3056 2169 Ex
3089 2133 3196 2185 quo
3225 2127 3406 2170 autem

1835 2214 1998 2264 etiam
2048 2210 2236 2263 adesse
2283 2209 2589 2261 nuntiatum
2632 2219 2736 2266 est,
2784 2207 3018 2275 bellique
3069 2209 3247 2259 socios
3297 2207 3408 2260 fore

1835 2301 2189 2368 spondentes,
2230 2300 2296 2350 iis
2344 2307 2540 2365 pra-sli)
2577 2307 2704 2349 sunt
2751 2297 2842 2364 qui
2900 2296 3135 2349 necdum
3183 2313 3277 2350 eos
3306 2296 3406 2350 sibi

1836 2386 2111 2440 devincire
2143 2382 2436 2438 studebant
2464 2401 2475 2433 :
2509 2394 2671 2449 atque
2703 2383 2755 2435 in
2793 2381 3108 2434 memoriam
3143 2396 3408 2435 revocan-

1837 2486 1920 2530 tes
1943 2489 2064 2543 qum
2090 2475 2283 2542 sapius
2317 2472 2372 2524 in
2423 2473 2691 2524 Barbaros
2726 2471 2897 2522 nostri
2927 2483 3088 2522 causa
3130 2471 3408 2536 designas-

1838 2575 1977 2626 sent,
2012 2565 2120 2616 Deo
2151 2561 2366 2630 quidem
2408 2560 2670 2613 reddituri
2698 2568 2987 2622 venerunt,
3017 2560 3405 2618 nccr~s~ariain,
3436 2598 3441 2604 .

1840 2671 1898 2708 ac
1931 2655 2085 2722 cujus
2130 2667 2188 2706 se
2234 2653 2464 2704 maxime
2501 2665 2624 2702 reos
2675 2649 3028 2710 :trhilrutillll‘,
3061 2648 3409 2707 oblationem.

1839 2760 1932 2797 eos
1960 2751 2140 2796 autem
2192 2751 2413 2810 prOpter
2455 2755 2551 2792 nos
2599 2739 2789 2798 ultori,
2831 2753 2968 2805 quos
3020 2738 3176 2789 nobis
3225 2737 3410 2790 ulcisci

1840 2851 1945 2888 non
1979 2835 2133 2891 licet;
2170 2835 2360 2900 quisue
2392 2832 2480 2882 hic
2509 2831 2721 2882 consilii
2753 2832 2913 2880 audet
2952 2830 3286 2893 meminisse,
3325 2832 3408 2883 in-

1841 2942 1946 2995 que
2007 2925 2293 2978 consilium
2361 2936 2552 2988 cogere
2633 2922 3062 2980 deliberaturos.
3122 2937 3249 2974 num
3313 2937 3414 2973 nos

1842 3025 2089 3081 Oporteat
2123 3029 2243 3067 eSse
2278 3012 2515 3066 liberos?
2546 3012 2773 3065 Perinde
2802 3012 2943 3063 enim
2975 3011 3109 3064 velle
3135 3012 3410 3075 existimo,

1842 3122 2002 3172 quem
2038 3106 2479 3171 intempestivum
2522 3102 2768 3155 timorem
2809 3111 3134 3170 prsetexunt,
3165 3119 3258 3155 seu
3299 3119 3414 3154 nia-

1843 3196 1922 3264 gis
1954 3193 2449 3248 insensibilitateni.
2484 3193 2760 3261 Siquidem
2793 3194 2936 3246 enim
2979 3203 3070 3246 aut
3105 3208 3209 3244 non
3248 3193 3416 3245 habe-

1844 3301 2023 3340 renius
2051 3286 2389 3339 necessarios
2418 3284 2540 3337 belli
2579 3284 2777 3346 socios,
2807 3284 2886 3337 vel
2917 3300 3201 3351 pmsenms
3230 3285 3418 3338 melio-

1842 3396 1927 3431 res
1955 3380 2036 3432 liis
2058 3393 2398 3446 comparare,
2422 3394 2480 3430 ac
2511 3383 2648 3429 forte
2672 3378 2806 3429 alios
2831 3377 3114 3445 quospiam
3140 3377 3415 3444 adjutores

1843 3473 2087 3524 invenire
2129 3472 2336 3532 liceret,
2389 3471 2610 3521 haberet
2662 3469 2845 3535 utique
2892 3467 3137 3519 attonitis
3189 3465 3416 3518 rationis

1844 3563 2045 3630 aliquid
2082 3577 2174 3630 per
2204 3561 2383 3614 omnia
2421 3560 2712 3611 absurdum
2762 3559 3083 3621 consilium;
3131 3569 3412 3626 postquam

1843 3669 1971 3705 vero
2003 3652 2239 3705 civitatis
2271 3641 2436 3703 robur
2466 3650 2795 3702 exstinctum
2829 3657 2930 3711 est,
2967 3661 3130 3714 utque
3166 3664 3262 3700 nos
3317 3647 3415 3714 ipsi

1844 3760 1870 3793 a
1923 3743 2080 3795 nobis
2126 3756 2406 3810 emergere
2455 3740 2750 3808 possimus,
2806 3739 3138 3806 impossibile
3205 3739 3416 3806 pridem

1839 3831 2140 3900 julicatum
2176 3839 2286 3891 est;
2341 3845 2477 3896 quos
2522 3843 2652 3880 vero
2685 3829 2806 3879 belli
2854 3828 3010 3880 nobis
3049 3829 3419 3879 asciveramus

1846 3923 2043 3985 socios,
2085 3921 2118 3973 ii
2156 3935 2345 3974 omnes
2378 3919 2616 3972 hostium
2659 3926 2991 3984 acceperunt
3021 3928 3222 3985 partes,
3257 3916 3419 3984 atque

1849 4013 1914 4066 ad
1943 4028 2038 4066 eas
2065 4015 2226 4066 modo
2263 3993 2465 4066 redacti
2503 4025 2692 4062 sumus
2737 4011 3035 4078 angustias,
3084 4019 3140 4062 ut
3190 4025 3421 4078 percon-

1848 4115 1997 4158 tante
2030 4119 2096 4157 ex
2144 4104 2295 4155 nobis
2339 4102 2544 4169 aliquo,
2591 4114 2826 4168 quorum
2867 4099 3071 4151 domini
3127 4101 3317 4163 simus,
3353 4115 3418 4154 ne

1850 4195 2054 4247 nudum
2086 4193 2259 4246 solum
2292 4190 2462 4243 nostri
2493 4187 2749 4255 deinceps
2776 4186 2914 4254 juris
2937 4201 3056 4239 esse
3090 4187 3418 4254 respondere

1849 4285 2119 4353 posshnus
2161 4301 2173 4338 :
2212 4296 2456 4350 quamam
2491 4279 2605 4332 haec
2635 4278 3102 4344 eontentio.cujus
3131 4279 3261 4330 vitio
3299 4294 3419 4330 om-

1849 4375 2008 4426 nibus
2037 4374 2273 4430 amissis.
2309 4373 2478 4440 ipsius
2501 4385 2719 4439 quoque
2757 4383 2899 4421 nunc
2936 4369 3244 4422 amittenda:
3301 4371 3415 4437 spei

1848 4465 2019 4516 aleam
2047 4461 2308 4516 facimus?

1915 4554 2248 4620 Num,rogo,
2310 4551 2373 4604 ad
2427 4552 2666 4606 incertos
2712 4551 2972 4620 quosdam
3027 4550 3416 4604 destinabimus

1849 4647 2076 4714 legatos,
2114 4643 2473 4711 dabimusque
2525 4643 2803 4711 pecunias,
2837 4657 2899 4694 ac
2938 4641 3152 4708 nuptias
3194 4641 3416 4708 promits

1852 4747 2046 4798 temus,
2082 4733 2435 4798 hominesque
2488 4732 2628 4783 domi
2682 4740 2948 4792 assuetos,
2985 4732 3047 4783 ad
3107 4731 3418 4798 peregrinas

1848 4835 2104 4890 extraque
2153 4821 2489 4889 provinciam
2537 4823 2912 4889 expeditiones
2969 4821 3416 4888 provocabinius;

1848 4928 1942 4966 eos
1992 4922 2171 4965 autem
2221 4912 2313 4980 qui
2369 4926 2424 4964 se
2475 4910 2644 4978 gratis
2675 4912 2728 4964 in
2762 4912 2939 4962 socios
2991 4909 3112 4961 belli
3155 4908 3416 4972 offerunt,

1850 5007 2191 5073 repellamus,
2217 5020 2384 5057 unum
2413 5005 2532 5066 hoc,
2563 5014 2715 5071 puto.
2744 5003 2849 5055 illis
2883 5002 3143 5055 habentes
3175 5003 3413 5055 dandum

1848 5093 2085 5157 crimini,
2126 5097 2268 5161 quod
2306 5093 2467 5145 nullis
2503 5096 2705 5145 nostris
2735 5093 3046 5161 indigeant?
3079 5108 3139 5146 ac
3173 5082 3418 5146 nolentes

1849 5183 2398 5253 quideni,.inllectere
2430 5184 2783 5249 conabimur;
2832 5184 3004 5252 siquis
3052 5193 3232 5235 autem
3273 5183 3418 5235 ultro

1848 5276 2049 5337 veniat,
2079 5283 2530 5338 contemnemus;
2564 5289 2626 5328 ac
2658 5275 2836 5328 socios
2871 5274 3088 5343 quidem
3121 5288 3243 5326 cum
3287 5290 3416 5326 nus-

1848 5379 2006 5431 quam
2058 5372 2334 5432 apparent,
2389 5362 2859 5429 desiderabimus;
2912 5373 3234 5432 apparentes
3289 5372 3420 5414 vero

1849 5467 1911 5504 ac
1943 5467 2062 5504 cum
2099 5452 2363 5512 videmus,
2397 5452 2763 5520 negligemus;
2808 5452 3221 5504 imminentibus
3267 5451 3420 5503 deni-

1850 5560 1954 5610 que
1988 5543 2263 5611 periculis,
2296 5543 2369 5595 dii
2400 5543 2619 5610 quidam
2661 5544 2819 5598 nobis
2858 5546 3186 5602 videbimur,
3225 5541 3418 5594 fixam-

1848 5649 1955 5704 que
2035 5634 2191 5687 nobis
2269 5634 2624 5687 immortalem
2688 5633 3002 5689 felicitatem
3071 5630 3417 5702 putabimus?

1850 5725 2032 5791 Atqui,
2082 5733 2141 5776 ut
2195 5724 2414 5791 quidem
2469 5723 2598 5776 nihil
2655 5725 2719 5777 ab
2776 5725 2857 5778 eis
2906 5723 3029 5776 mali
3092 5737 3155 5775 ac
3203 5722 3415 5791 injuria:

1851 5814 2270 5882 exspectandum
2304 5818 2393 5876 sit,
2435 5813 2707 5882 quomodo
2744 5829 2849 5882 non
2903 5814 3209 5883 importuna
3254 5810 3412 5865 nobis
