4166 6330
780 281 881 334 ea?

2043 296 2417 354 DI-LME'i‘RIt
2459 298 2766 358 CYDONII
2827 379 2830 382 ς

3906 317 4020 374 95R

776 394 1132 446 delh'ratio?
1183 395 1263 446 -in
1319 398 1583 452 malorum
1622 419 1682 454 sn
1718 403 1859 471 p’cio
1913 421 2009 459 nos
2056 420 2117 459 eo
2169 405 2338 468 ducit.

2455 395 2528 458 ὧν
2568 409 2773 462 δέδοικε
2819 411 3001 480 χείρω.
3052 412 3322 485 Ἰσχυρούς
3359 435 3522 487 φησιν
3571 416 3710 474 εἶναι
3750 412 3882 485 τοὺς
3933 428 3995 476 ὲλ

775 485 917 538 dicat
948 485 1073 552 quis
1101 495 1325 550 metum,
1357 492 1511 559 cujus
1541 509 1697 547 causa
1729 513 1831 548 non
1865 499 2068 559 timeat,
2101 500 2166 552 iis
2195 501 2336 554 delc-

775 573 941 634 t-iora,
977 590 1097 642 qua:
1149 569 1323 633 timet.
1359 581 1550 646 Fortes
1597 585 1748 638 aiunt
1775 601 1914 648 esse,
1953 591 2044 656 qui
2085 590 2216 643 socii
2253 606 2342 644 ve-

778 663 958 725 niunt,
1008 679 1068 716 ac
1111 681 1342 734 quorum
1386 674 1642 728 omnibus
1675 679 2010 741 generositas
2059 695 2123 734 ac
2164 683 2340 737 virtus

775 763 901 805 nota
933 755 1001 808 sit
1031 773 1043 807 :
1081 759 1227 811 velut
1255 761 1377 814 data
1403 778 1565 831 opera
1597 767 1926 824 inﬁrmiores
1951 773 2122 841 eligen
2143 774 2181 826 li
2207 776 2336 840 sint,

773 843 856 896 vel
895 845 1109 900 timidos
1141 865 1262 905 e‘se
1311 865 1561 922 oporteat
1605 873 1697 912 eos
1732 862 1820 927 qui
1873 873 1998 915 sunt
2037 853 2134 932 pro
2184 867 2339 922 nobis

775 930 827 983 in
857 945 1130 990 certamen
1193 943 1430 996 venturi.
1464 945 1532 1000 Ut
1573 949 1719 1001 enim
1749 950 1846 1005 hoc
1880 954 2011 1008 satis
2058 956 2150 1022 sit,
2176 973 2339 1025 opor-

779 1029 995 1092 teatqtte
1031 1031 1433 1087 commilitones
1467 1038 1736 1093 ac'socios
1768 1041 1985 1097 timidos
2020 1060 2139 1099 esse
2173 1060 2336 1118 atque

776 1111 1097 1179 imbecilles,
1129 1121 1319 1186 quidni
1354 1139 1419 1178 ex
1471 1111 1621 1182 hisce
1667 1133 2006 1187 coturnicum
2047 1137 2333 1201 altoribus,

779 1201 1324 1278 lialncatoribusque,
1398 1230 1461 1268 ac
1526 1220 1874 1284 tonsoribus,
1937 1229 2359 1297 conscripsistis.

775 1285 1094 1359 exercitum,
1124 1299 1303 1370 iisque
1328 1308 1500 1374 cepiis
1527 1311 1592 1361 ad
1635 1310 1832 1365 bellum
1867 1329 1961 1369 vos
2002 1331 2123 1370 eum
2155 1320 2336 1374 fortis-

777 1384 1317 1454 simisinstruxistis,
1367 1412 1428 1450 ac
1479 1414 1575 1466 per
1615 1417 1706 1455 eos
1749 1409 2098 1462 asserendam
2151 1416 2336 1479 patrit'e

777 1474 1078 1531 libertatem
1114 1483 1497 1558 existimastis?
1533 1490 1626 1544 Sin
1673 1505 1852 1549 autem
1899 1500 2071 1552 aliena
2107 1502 2219 1556 haec
2267 1505 2334 1558 ab

777 1567 924 1618 omni
959 1571 1186 1633 ratione,
1219 1554 1283 1627 ne
1323 1578 1595 1634 soeioruan
1629 1585 1846 1651 quidem
1890 1605 2013 1657 spes
2063 1595 2216 1648 nobis
2246 1611 2336 1649 su-

775 1668 956 1746 sporta
985 1663 1070 1714 sit.
1117 1665 1286 1719 Porro
1317 1669 1490 1725 lihens
1523 1675 1786 1731 «licentem
1813 1685 2100 1746 quemdam
2129 1704 2194 1741 an
2221 1692 2330 1756 livi,

1818 1729 2099 1746 πωπω..
2222 1729 2330 1756 ..,.,

775 1729 916 1800 haud
955 1751 1124 1806 videri
1158 1765 1356 1822 tutum,
1391 1771 1448 1812 ut
1487 1763 1640 1819 nobis
1685 1766 1998 1829 fortioribus
2025 1777 2186 1830 sociis
2218 1789 2336 1832 uta—

777 1851 918 1899 mur,
973 1843 1074 1894 nisi
1132 1845 1314 1901 hostes
1368 1849 1614 1909 hostibus
1668 1871 2004 1916 commutare
2058 1868 2335 1924 velimus:

773 1944 910 1994 quos
937 1935 1194 2001 patimur,
1232 1939 1420 1995 iisdem
1464 1950 1818 2004 suecesmris.
1851 1951 1990 2008 Sane
2031 1974 2177 2022 vero,
2211 1963 2338 2015 sub-

775 2019 866 2071 tle
909 2021 1010 2076 hoc
1060 2040 1238 2079 rerum
1271 2047 1520 2097 exainen,
1556 2051 1742 2096 eorum
1775 2040 1916 2104 dico,
1951 2045 2042 2110 qui
2066 2048 2173 2115 jam
2211 2049 2334 2103 b0i.i

773 2111 976 2178 aliquit
1030 2129 1268 2182 sperent,
1322 2138 1426 2175 non
1477 2141 1664 2180 eorum
1715 2132 1806 2198 qui
1841 2123 2061 2191 'rcdacti
2109 2141 2216 2193 sint
2270 2144 2334 2197 ad

773 2211 1048 2258 eui-emas
1099 2214 1393 2277 angustias,
1443 2217 1630 2283 quales
1679 2237 1778 2274 nos
1833 2225 2064 2294 quisque
2112 2231 2332 2287 dixerit.

773 2289 842 2342 lis
872 2293 1017 2345 enim
1067 2298 1158 2364 qui
1207 2300 1311 2354 huc
1346 2302 1571 2359 fortunae
1612 2322 1894 2380 venerunt,
1943 2316 2044 2371 hoc
2088 2331 2335 2389 superest

774 2390 831 2432 ut
856 2395 1164 2448 supremam
1199 2397 1459 2446 tesseram
1493 2397 1714 2464 jaciant.

843 2470 1137 2528 Enimvero
1163 2481 1284 2546 quis
1307 2486 1590 2539 consilium
1617 2491 1720 2543 hoc
1745 2507 1849 2545 non
1870 2497 2136 2565 aanigmati
2159 2502 2334 2559 simile

773 2561 1009 2618 dixerit?
1037 2567 1090 2620 Si
1121 2573 1338 2637 quidem
1372 2579 1514 2632 enim
1544 2579 1629 2644 iis,
1661 2588 1858 2650 quibus
1893 2561 2147 2659 tanquam
2179 2595 2335 2652 nobis

775 2653 1230 2716 imbecillioribus
1280 2678 1470 2721 sumus
1522 2674 1690 2736 usuri,
1744 2679 2003 2733 adversus
2061 2698 2155 2738 eos
2210 2685 2333 2741 belli

773 2745 1037 2801 incumbit
1089 2753 1279 2816 moles,
1329 2759 1421 2823 qui
1474 2748 1570 2813 nos
1624 2767 1758 2818 adeo
1804 2770 2009 2825 viribus
2056 2788 2333 2845 superant,

773 2837 1047 2900 quomodo
1079 2854 1186 2892 non
1216 2842 1269 2895 id
1294 2847 1506 2912 accidit,
1533 2853 1675 2918 quod
1704 2854 1848 2908 dixi?
1880 2860 2132 2917 nimirum
2159 2868 2337 2926 simile

773 2925 1071 2993 quidpiam,
1102 2944 1166 2983 ac
1214 2932 1257 2984 si
1289 2936 1412 3001 quis
1451 2939 1657 2994 minora
1694 2947 2020 3013 minoribus,
2050 2957 2240 3022 primis
2273 2977 2335 3016 ac

2443 497 2632 560 θὸντας
2664 502 3002 570 συμμάχους,
3040 506 3128 556 καὶ
3159 506 3360 575 πολλὴν
3384 511 3607 580 ἀνδρίαν
3651 513 3831 576 αὐτοῖς
3867 515 4018 566 πάν-

2443 605 2532 650 τες
2565 592 2876 646 συνίσασιν·
2921 594 3110 663 ὥσπερ
3155 599 3466 669 ἐξεπίτηδες
3509 606 3635 668 τοὺς
3674 606 4019 659 ἀσθενεστάο

2440 697 2565 742 τους
2596 682 2716 735 δέον
2745 685 3038 754 αἱρεῖσθαι,
3066 689 3095 756 ἢ
3133 689 3338 752 δειλοὺς
3359 689 3497 746 εἶναι
3529 697 3652 759 τοὺς
3677 699 3812 766 ὑπὲρ
3840 700 4017 768 ἡμῶν

2440 772 2896 843 ἀγωνιουμένουςζ
2925 779 2985 848 Et
3021 781 3128 849 γὰρ
3172 771 3315 835 τοῦτ’
3346 787 3527 854 ἀρκεῖ,
3556 789 3649 840 καὶ
3685 791 3766 842 δεῖ
3790 791 4012 844 δειλίαν

2443 862 2538 913 καὶ
2575 863 2860 917 ἀσθένειαν
2885 872 3167 934 προσεῖναι
3201 875 3313 934 τοῖς
3344 875 3633 944 ἡμετέροις
3663 882 4011 948 συμμάχοις.

2439 953 2535 1004 τοῦ
2561 956 2723 1022 χάριν
2755 957 2829 1026 μὴ
2862 959 2985 1021 τοὺς
3007 961 3440 1033 ὀρτυγοτρόφους
3472 969 3718 1033 τούτους,
3746 971 3840 1024 καὶ
3874 976 4014 1035 τοὺς

2439 1042 2666 1097 ἐπὶτῶν
2698 1045 2993 1115 βαλανείων
3039 1055 3132 1105 καλ⁵
3180 1056 3288 1106 τῶν
3333 1059 3591 1126 κουρείων
3617 1060 4009 1126 ἀθροίσαντες,

2443 1136 2756 1205 στράτευμα
2789 1141 3134 1209 κατελέξατε,
3170 1150 3262 1202 καὶ
3287 1152 3420 1216 μετὰ
3448 1151 3652 1202 τούτων
3682 1155 3794 1210 τοῖς
3820 1156 3979 1223 ὲρῤω

2442 1228 2791 1290 μενεστάτοις
2827 1232 3080 1299 πολεμεῖν
3133 1236 3566 1304 παρεσκεύασθε,
3607 1243 3700 1292 καὶ
3741 1242 3826 1294 διὰ
3881 1244 4012 1294 τοὺ-

2436 1331 2543 1367 των
2575 1316 2892 1385 ἐλευθεροῦν
2924 1322 3197 1386 ἐγνώκατε
3236 1326 3331 1396 τὴν
3356 1331 3625 1397 πατρίδα;
3657 1332 3792 1384 Είδὲ
3824 1335 4011 1387 ταῦτα

2439 1407 2589 1474 παρὰ
2616 1409 2819 1470 πάντας
2846 1411 2959 1462 ἐστὶ
2996 1415 3124 1474 τοὺς
3151 1416 3468 1487 λογισμοὺς,
3504 1421 3628 1489 μηδ’
3657 1423 3688 1490 ἡ
3715 1424 3820 1476 τῶν
3857 1443 4008 1495 συμ-

2440 1487 2626 1564 μάχων
2668 1498 2820 1560 ἐλπὶς
2855 1503 2986 1568 ἡμῖν
3019 1501 3260 1568 ὕποπτος
3301 1508 3463 1561 ἔστω.
3489 1487 3692 1581 Χάριεν
3720 1514 3764 1565 δ’
3792 1515 3819 1566 ὅ
3845 1487 4006 1576 τινος

2437 1588 2646 1654 ἤκουσα
2677 1590 2948 1657 λέγοντος,
3000 1596 3074 1658 ὡς
3102 1599 3201 1650 οὐκ
3252 1601 3492 1668 ἀσφαλὲς
3530 1605 3906 1673 ἰσχυροτέροις
3943 1610 4006 1674 ἡ-

2370 1729 2408 1784 Β
2442 1678 2557 1746 μῶν
2584 1681 2818 1748 χρῆσθαι
2862 1690 3190 1754 συμμάχοις,
3237 1693 3285 1743 εί
3333 1683 3409 1762 μὴ
3444 1694 3732 1764 μέλλοιμεν
3764 1697 4007 1766 ἐχθροὺς

2441 1769 2652 1837 ἐχθροῖς
2683 1773 3058 1839 ἀλλάττεσθαι,
3088 1779 3193 1831 τῶν
3216 1780 3381 1835 ὄντων
3404 1785 3529 1846 τοὺς
3559 1787 4006 1855 ὲπιόνταςᾸΕτὼ

2437 1862 2492 1914 δὲ
2524 1865 2695 1917 ταῦτα
2732 1869 2828 1933 μὲν
2866 1870 3336 1939 ἀκριϐολογεῖσθαι
3367 1877 3470 1927 τῶν
3501 1878 3601 1945 ήδη
3622 1898 3668 1932 τι
3699 1883 3791 1931 καὶ
3825 1899 4010 1946 προσ-

2437 1956 2718 2008 δοκώντων
2774 1940 3003 2029 χρηέτὸν
3038 1959 3176 2015 εἶναι
3209 1967 3371 2033 φημὶ,
3403 1967 3461 2018 οὐ
3485 1969 3590 2018 τῶν
3620 1971 3698 2030 είς
3730 1974 3835 2023 πᾶν
3859 1974 4002 2023 ἀπο-

2441 2045 2560 2112 ρίας
2601 2048 2861 2115 ἡκόντων,
2899 2051 3040 2113 οἴους
3076 2053 3219 2120 ἡμᾶς
3263 2056 3366 2116 πᾶς
3410 2073 3492 2118 τις
3540 2057 3606 2107 ἂν
3641 2058 3805 2109 εἴποι.
3869 2063 4002 2122 Τοῖς

2439 2139 2546 2206 γὰρ
2577 2140 2810 2193 ἐνταῦθα
2840 2133 3034 2211 ἥκουσι
3057 2146 3222 2214 τύχης
3254 2147 3345 2198 καὶ
3374 2147 3464 2199 τὸν
3510 2148 3736 2218 ἔσχατον
3771 2151 4002 2220 άναρῤί-

2437 2245 2596 2282 πτειν
2625 2230 2787 2282 κύϐον
2818 2233 3024 2287 λοιπόν.

2521 2499 2678 2551 Ἀλλὰ
2710 2499 2815 2567 μὴν
2863 2499 2915 2550 τί
2957 2515 3042 2560 τις
3081 2499 3149 2552 ἂν
3187 2501 3339 2564 λέγοι
3367 2501 3644 2570 διαφέρειν
3669 2504 4003 2572 alvi-nuto;

2437 2588 2644 2657 ταύτην
2674 2589 2772 2657 τὴν
2804 2591 3147 2657 συςλ.6ουλήν;
3181 2592 3241 2642 Et
3282 2592 3386 2662 γὰρ
3415 2588 3495 2655 οἷς
3525 2593 3599 2653 ὡς
3627 2595 3784 2662 ἡμῶν
3833 2599 4005 2649 ἀσθε-

2438 2681 2708 2750 νεστέροις
2739 2681 3069 2749 χρησόμεθα,
3099 2674 3241 2733 οὗτοι
3270 2683 3398 2750 πρὸς
3422 2685 3542 2745 τοὺς
3571 2684 3823 2737 τοσοῦτον
3851 2688 4008 2754 ισχυ-

2442 2773 2695 2842 ροτέρους
2725 2773 2881 2842 ἡμῶν
2930 2773 3350 2842 παρατάξονται,
3374 2764 3509 2870 ’πῶς
3541 2776 3638 2844 οὐχ
3686 2778 3824 2842 ὅπερ
3857 2779 4005 2846 ἔφην

2440 2863 2762 2930 συμ.6αἰνει;
2801 2866 3179 2933 παραπλήσιον
3233 2863 3422 2934 ὥσπερ
3459 2867 3526 2919 ἂν
3576 2871 3629 2921 εί
3661 2885 3744 2930 τις
3776 2871 3846 2922 τὰ
3887 2871 4003 2923 τῶν

2437 2953 2734 3005 ἐλαττόνων
2761 2955 2967 3006 ἐλάττω
2999 2957 3168 3023 μείζω
3194 2959 3301 3010 τῶν
3330 2959 3563 3028 ὲξαρχῆς
3588 2958 3763 3028 ἀξιοίη
3792 2961 4000 3015 δοκεῖν.

773 3032 800 3066 a
845 3017 1114 3087 princip‘o
1158 3027 1362 3093 majora
1414 3029 1582 3084 videri
1629 3037 1772 3089 velit.
1810 3039 1862 3091 ld
1911 3045 2191 3102 enimvero
2238 3067 2338 3108 nec

2452 3043 2608 3095 Ἀλλὰ
2643 3042 2799 3095 τοῦτο
2839 3044 2936 3112 μὲν
2969 3017 3230 3110 οθτεήτὴν
3285 3017 3396 3100 τῶν
3425 3017 3714 3118 βαρθάριυν
3753 3017 4008 3120 ’δύναμιν

773 3119 963 3159 eorum
1013 3121 1097 3162 est
1145 3115 1236 3180 qui
1286 3115 1644 3179 Barliarorum
1697 3135 1991 3196 potentiam
2039 3152 2335 3208 spectatam

778 3193 1027 3261 habeant,
1047 3200 1311 3259 adversus
1334 3223 1495 3276 quam
1523 3213 1828 3285 indigemus
1857 3227 2127 3282 sociorum
2151 3248 2334 3302 opera,

777 3302 876 3339 nec
911 3292 1002 3358 qui
1052 3303 1314 3361 nostram,
1349 3309 1406 3352 ut
1437 3303 1516 3356 sic
1561 3306 1708 3375 loqui
1757 3312 1934 3382 liceat,
1963 3319 2159 3377 virium
2192 3328 2338 3382 defe-

772 3377 1031 3446 ctionem,
1067 3399 1227 3452 quam
1256 3400 1502 3456 Oporteat
1534 3395 1859 3457 instaurare.
1901 3407 1956 3461 Si
1983 3414 2108 3478 quis
2139 3417 2338 3473 nihilo-

774 3468 957 3522 minus
987 3473 1129 3538 ipsas
1154 3490 1239 3549 res
1268 3479 1319 3529 in
1352 3482 1637 3537 consilium
1672 3490 1798 3543 velit
1828 3495 2104 3563 adhibere.
2127 3504 2337 3562 desinet

773 3573 834 3611 ea
871 3576 1111 3617 metuere
1139 3581 1258 3633 quae
1306 3580 1508 3624 metum
1545 3591 1649 3628 non
1697 3579 1916 3648 habent,
1961 3605 2057 3644 nec
2095 3597 2287 3651 decent
2319 3617 2332 3652 :

773 3664 839 3702 ac
869 3666 1096 3707 securus
1130 3661 1409 3714 consistet.
1445 3665 1704 3734 Equidem
1736 3658 1794 3726 tit
1823 3683 2069 3744 pecuniis
2102 3693 2336 3753 promis-

775 3741 870 3805 sis,
910 3742 1160 3813 lucrique
1195 3750 1490 3817 cupiditate
1533 3775 1721 3815 eorum
1744 3769 2066 3826 attollentes
2102 3779 2333 3844 animos,

775 3831 829 3885 in
875 3834 1000 3886 belli
1047 3839 1361 3895 societatem
1407 3848 1777 3916 traxissemus,
1823 3857 1928 3910 dici
1978 3876 2179 3928 posset,
2222 3869 2334 3924 fore

776 3938 882 3976 non
933 3936 1216 3982 c0atentos
1265 3934 1749 4004 minoribus,cum
1800 3948 1952 4014 plura
2017 3953 2334 4012 lucrifacere

774 4027 1042 4084 possent:
1077 4022 1158 4072 sin
1211 4038 1338 4076 vero
1386 4028 1522 4080 adeo
1567 4030 1635 4083 ab
1687 4034 1754 4088 iis
1798 4039 1994 4093 distant
2045 4045 2135 4110 qui
2178 4049 2334 4103 malis

775 4103 942 4159 lucris
979 4123 1089 4161 rem
1125 4127 1322 4174 augere
1354 4120 1590 4183 student,
1623 4132 1681 4176 ut
1722 4139 1818 4178 nec
1861 4129 2153 4186 immensos
2176 4150 2332 4189 vere-

776 4207 937 4249 antur
965 4211 1231 4268 sumptus,
1265 4205 1570 4278 horumque
1618 4217 1900 4283 perspicue
1951 4219 2336 4295 insensibilita-

779 4297 884 4339 tem
936 4303 1223 4356 accusent;
1280 4299 1545 4364 siquidem
1601 4305 1783 4358 nullus
1839 4309 1919 4361 eis
1977 4313 2329 4370 inasimarum

776 4391 1139 4444 expcnsarum
1180 4383 1322 4445 finis.
1365 4392 1637 4455 quomodo
1669 4411 1772 4447 non
1805 4412 1832 4447 a
1870 4412 2030 4453 sensu
2077 4403 2334 4460 abhorret

781 4477 841 4521 ut
874 4471 1082 4525 tninora
1124 4477 1378 4539 periculis
1417 4485 1702 4550 c0ujuncta
1727 4489 2027 4554 obtineant,
2063 4495 2212 4558 plura
2241 4512 2333 4552 eos

712 4572 716 4577 τ
779 4574 842 4610 ac
882 4562 1084 4629 majora
1115 4567 1468 4631 profundere,
1503 4589 1622 4639 quae
1655 4578 1868 4632 nemine
1899 4579 2195 4639 lacessente
2240 4603 2334 4642 ne-

779 4651 984 4716 gotium
1015 4669 1111 4707 sua
1141 4658 1489 4722 possideant?
1522 4663 1651 4716 Nam
1687 4667 1875 4735 liquet,
1910 4673 1987 4725 vel
2017 4674 2060 4727 si
2092 4691 2189 4728 nos
2229 4678 2331 4746 ipsi

782 4749 1026 4801 mercede
1055 4749 1422 4813 redderemus,
1452 4769 1517 4808 ne
1542 4767 1743 4824 partem
1775 4762 1993 4827 quidem
2017 4781 2330 4835 sumptuum

782 4838 971 4892 classis
995 4848 1328 4908 reci-ploros.
1354 4846 1467 4899 Non
1489 4865 1617 4917 ergo
1642 4855 1782 4919 quod
1812 4857 2135 4920 prudentum
2159 4862 2250 4923 sit,
2271 4878 2334 4916 ac

782 4931 1338 4999 nesciOquorumnam
1374 4944 1736 5005 [)NESUICI‘INH
1760 4961 1918 5013 opus,
1941 4957 1996 5000 ut
2014 4964 2133 5002 cum
2152 4953 2332 5019 quiete

715 5022 719 5025 ’
783 5025 933 5088 plura
964 5027 1229 5082 haberent
1253 5031 1438 5085 labore
1471 5041 1868 5105 comparandis,
1907 5047 2064 5098 anxie
2097 5057 2335 5112 postmo-

782 5114 909 5166 dum
942 5132 1004 5169 ea
1037 5120 1367 5186 quaesierint.
1401 5124 1493 5178 Sin
1540 5130 1662 5195 quis
1696 5129 1983 5198 imperare,
2020 5151 2180 5203 quant
2215 5153 2333 5191 esse

783 5207 1028 5270 divitem,
1063 5213 1421 5278 praestabilius
1453 5233 1516 5269 an
1563 5223 1843 5288 augustius
1891 5235 2058 5291 putet,
2103 5243 2333 5300 eamque

783 5299 892 5351 illis
943 5299 1087 5353 dicat
1122 5316 1367 5369 CauSam,
1427 5321 1484 5360 ut
1543 5311 1701 5363 nullis
1756 5327 1978 5379 parcant
2030 5317 2330 5383 expz'ttsis:

785 5390 904 5456 ipse
945 5391 1107 5445 etiam
1152 5394 1385 5449 hominis
1429 5400 1635 5454 ratione
1693 5405 1896 5470 agentis
1946 5406 2332 5474 prudentisque

787 5481 1049 5534 rationem
1099 5499 1216 5536 eam
1249 5486 1576 5542 admiserim.
1622 5487 1838 5545 Etenim
1873 5504 2060 5547 nostro
2109 5497 2333 5564 imperio

786 5571 921 5623 nihil
947 5575 1228 5641 augustius
1261 5577 1379 5630 fuit.
1409 5579 1484 5632 Ac
1511 5597 1660 5643 vero,
1694 5595 1750 5635 ut
1781 5585 1901 5650 quis
1930 5587 2169 5637 virorum
2215 5597 2332 5640 stu-

785 5661 932 5713 dium
967 5678 1125 5717 oninc
1173 5669 1485 5722 ambitionis
1523 5673 1680 5732 dii-at,
1723 5674 2134 5753 haudquaquam
2179 5692 2329 5730 erra-

2439 3133 2866 3203 ἐπεσκεμμένων
2900 3135 3036 3199 ἐστὶ,
3069 3135 3202 3206 πρὸς
3233 3138 3300 3207 ἢν
3342 3137 3423 3189 δεῖ
3449 3139 3554 3191 τῶν
3591 3143 3901 3210 συμμάχων
3938 3146 4007 3213 ή-

2441 3227 2552 3294 μῖν,
2583 3226 2707 3279 οὔτε
2737 3227 2836 3296 τὴν
2867 3230 3141 3297 ἡμετέραν
3171 3229 3407 3293 ἔκλυσιν,
3433 3233 3480 3283 εί
3514 3231 3593 3282 δεῖ
3623 3233 3769 3284 τοῦτ’
3797 3238 4007 3297 εἰπεῖν,

2437 3317 2506 3385 ἢν
2542 3318 2955 3386 ἀνακτήσασθαι
2982 3320 3080 3373 δεῖ.
3114 3321 3302 3389 Ὅμως
3337 3323 3387 3393 εί
3419 3338 3504 3384 τις
3532 3324 3644 3386 τοῖς
3673 3327 4009 3394 πράγμασιν

2437 3407 2618 3468 αὐτοῖς
2645 3409 2821 3478 ἀξιοίη
2847 3410 3079 3478 χρῆσθαι
3106 3413 3451 3479 συμϐούλοις,
3479 3416 3748 3468 παύσεται
3776 3419 3846 3469 τὰ
3868 3419 4013 3473 άδεᾶ

2436 3499 2624 3560 δεδιὼς
2677 3502 2770 3553 καὶ
2831 3500 2924 3552 τοῦ
2979 3502 3346 3570 προσήκοντος
3399 3504 3501 3566 ἔξω
3548 3507 3648 3573 τῆς
3688 3509 4006 3575 ἀσφαλείας

2440 3574 2713 3657 ἐχόμενος.
2756 3589 2817 3641 El
2850 3590 2949 3658 μὲν
2975 3588 3082 3659 γάρ
3119 3591 3363 3659 χρήματῖ
3387 3593 3570 3654 αὐτοῖς
3603 3574 4002 3665 ὑποσχόμενοι,

2441 3681 2531 3732 καὶ
2556 3683 2618 3748 τῇ
2652 3679 2746 3733 τοῦ
2779 3681 2999 3749 κέρδους
3034 3682 3296 3753 ἐπιθυμίᾳ
3346 3684 3444 3747 τὰς
3483 3686 3706 3757 γνώμας
3755 3690 4005 3760 ἐπάραν-

2437 3786 2548 3831 τες,
2583 3771 2675 3848 ὲπι
2711 3771 2771 3822 τὸ
2820 3774 3130 3841 συμμαχεῖν
3173 3776 3558 3844 ἑφειλκόμεθα,
3595 3775 3662 3848 ἦν
3694 3777 3761 3832 ἂν
3809 3779 4005 3845 λέγειν

2437 3860 2510 3922 ὡς
2569 3838 2674 3912 οὐκ
2699 3838 3124 3930 ἀρκεσθήσονται
3157 3838 3268 3926 τοῖς
3327 3838 3628 3931 ἐλάττοσιν,
3659 3867 3782 3930 ἐξὸν
3822 3870 4004 3927 πλείω

2438 3951 2741 4020 κερδαίνειν
2762 3965 2776 3979 ο
2806 3954 2854 4004 εί
2877 3951 2931 4003 δὲ
2955 3953 3163 4005 τοσοῦτ’
3189 3955 3454 4020 ἀνομοίως
3483 3959 3606 4028 ἔχου
3619 3975 3670 4010 σι
3705 3960 3844 4028 πρὸς
3864 3967 4002 4026 τοὺς

2439 4041 2780 4093 πλεονεκτεῖν
2817 4040 3192 4110 βουλομένους,
3227 4044 3351 4097 ὥστ’
3389 4048 3528 4100 είσὶν
3555 4051 3602 4101 οί
3633 4050 3731 4121 τὴν
3760 4053 4003 4124 ἄπειρον

2435 4132 2676 4201 δαπάνην
2716 4133 3051 4197 κακίζοντες,
3089 4136 3181 4186 καὶ
3213 4137 3354 4203 σαφῆ
3387 4139 3595 4192 τούτων
3626 4143 4006 4210 κατηγοροῦν-

2434 4239 2525 4284 τες
2577 4223 2676 4290 τὴν
2724 4223 3170 4291 ἀναισθησίαν,εί
3211 4227 3398 4292 μηδεὶς
3444 4228 3626 4291 αὐτοῖς
3672 4231 3816 4282 ἐστιν
3866 4233 4002 4301 ὄρος

2362 4356 2410 4414 D
2437 4316 2544 4375 τῶν
2594 4317 2840 4382 ἀκαίρων
2876 4317 3283 4383 ἀναλωμάτων
3342 4318 3458 4379 πῶς
3504 4320 3603 4371 οὐκ
3660 4320 4000 4389 ἀναίσθητον

2437 4407 2573 4474 ὑπὲρ
2602 4405 2694 4457 τοῦ
2722 4405 2828 4465 τῶν
2855 4406 3152 4457 ἐλαττόνων
3186 4407 3323 4474 μετὰ
3353 4407 3461 4457 τῶν
3501 4408 3761 4459 κινδύνων
3801 4413 4002 4478 τυχεῖν

2433 4494 2502 4547 τὰ
2539 4495 2703 4548 πλείω
2735 4498 2901 4564 χωρὶς
2956 4496 3295 4563 πραγμάτων
3331 4498 3647 4566 προῖεσθαι;
3684 4499 3853 4567 Δῆλον
3882 4504 4000 4570 γὰρ

2433 4586 2507 4648 ὡς
2539 4586 2648 4639 οὐδ’
2675 4586 2763 4649 ἂν,
2798 4587 2946 4656 ἡμᾶς
2980 4587 3323 4654 ἀποδόμενοι,
3358 4588 3522 4658 μέρος
3571 4589 3745 4658 ἔχοιεν
3773 4592 3882 4643 τῶν
3911 4596 3998 4656 εἰς

2432 4677 2523 4728 τὸν
2553 4677 2847 4730 ἀπόστολον
2878 4678 3064 4730 τοῦτον
3089 4678 3472 4748 ἀνηλωμένων.
3526 4683 3599 4733 Οὐ
3641 4683 3818 4735 τοίνυν
3862 4686 3995 4738 νοῦν

2435 4769 2662 4835 ἐχόντων
2687 4807 2701 4831 ,
2733 4768 2847 4819 ἀλλ’
2885 4768 2981 4819 οὐκ
3014 4764 3106 4822 οἷδ’
3148 4772 3285 4822 ὅτων
3318 4771 3478 4839 ἔργον
3511 4767 3620 4824 εἷεν
3649 4774 3715 4825 ἂν
3764 4777 4000 4841 εἰργασ-

2439 4860 2690 4931 μένοι.ιεί
2717 4854 2789 4910 ὧν
2830 4859 2934 4911 ἔδει
2973 4861 3068 4911 σὺν
3101 4861 3246 4929 πόνῳ
3289 4862 3618 4928 κτήσασθαι,
3648 4862 3817 4914 πλείω
3866 4866 3996 4931 μεθ’

2437 4919 2662 5014 ἧσυχίοῖς
2703 4945 2932 5014 ἔχοντες,
2965 4942 3080 4999 εἶτα
3124 4919 3577 5016 περιεργάσαντο,
3603 4919 3678 4998 Ἐἰ
3712 4948 3769 4998 δέ
3811 4919 3898 5011 τις
3927 4953 3995 5002 τὸ

2434 5037 2622 5108 ᾷρχειν
2689 5038 2780 5090 τοῦ
2825 5039 3076 5092 πλουτεῖν
3129 5039 3450 5107 σεμνότερον
3487 5038 3676 5102 οἴεται,
3719 5042 3810 5091 καὶ
3836 5041 3991 5092 τοῦτ’

2434 5130 2615 5190 αὐτοῖς
2649 5128 2819 5181 αἴτιον
2853 5127 2992 5183 εἶναι
3024 5129 3190 5196 λέγοι,
3235 5130 3329 5181 καὶ
3366 5128 3730 5197 φειδομένους,
3770 5129 3988 5192 οὐδενὸς

2434 5224 2769 5284 ἀναλίσκειν,
2803 5219 2924 5272 νοῦν
2955 5222 3052 5288 μὲν
3091 5221 3303 5288 ἔχοντος
3332 5220 3484 5287 κάγὼ
3520 5217 3987 5302 φήσαιμ’ἐνίγάρ

2433 5313 2520 5363 τὸν
2560 5312 2838 5379 λογισμόν.
2872 5313 2979 5379 Τῆς
3023 5328 3081 5361 τε
3131 5311 3236 5376 γὰρ
3269 5313 3397 5379 παρ’
3427 5313 3558 5376 ἡμῖν
3604 5309 3777 5377 ἀρχῆς
3831 5311 3987 5363 οὐδὲν

2436 5384 2755 5470 σεμνότερον
2783 5403 2994 5468 γέγονε.
3050 5401 3154 5453 Καὶ
3192 5400 3395 5461 τούτοις
3441 5401 3503 5452 ἂν
3537 5416 3621 5460 τις
3658 5402 3731 5467 φῇ
3778 5401 3984 5466 φιλοτι-

2439 5495 2566 5560 μίας
2598 5489 2734 5545 εῖναι
2765 5495 2944 5544 πᾶσαν
2967 5491 3067 5557 τὴν
3102 5491 3353 5556 ἄσκησιν,
3384 5491 3483 5540 οὐκ
3514 5488 3578 5541 ἂν
3611 5491 3846 5556 ἁμάρτοι
3882 5493 3986 5556 τῆς

2437 5583 2543 5634 τῶν
2574 5582 2779 5647 ἀνδρῶν
2809 5583 3065 5642 διανοίας.
3093 5581 3253 5633 Ἀλλὰ
3283 5581 3760 5648 προσενθυμείσθω
3790 5583 3886 5633 καὶ
3908 5582 3985 5641 ὡς

2437 5673 2541 5724 οὐδ’
2589 5674 2764 5724 αὐτῶν
2799 5675 2844 5723 oi
2900 5672 3114 5734 πλείους
3148 5673 3282 5723 εἰσὶν
3340 5672 3543 5725 ἰδιῶται
3610 5673 3725 5725 ἀλλ’
3761 5672 3978 5739 ἑκάστῳ
