4166 6330
220 312 332 372 νει

1145 322 1427 382 ORATIO
1466 325 1613 383 PRO
1654 326 2013 387 SUBSlDIO
2056 314 2526 390 L‘A'monun.

3343 336 3455 394 san

221 429 322 480 καὶ
366 418 676 491 alituum!
727 432 903 492 πόλεις
954 433 1277 502 ἀρχόμεναι,
1339 440 1431 488 καὶ
1486 437 1658 506 βῆμα,
1693 442 1787 491 καὶ

1893 439 2027 491 verit
2066 438 2132 492 ab
2174 454 2363 492 eorum
2396 440 2595 493 mentis
2650 441 2971 509 proposito:
3007 440 3207 509 cogitet
3250 451 3453 503 tamen,

221 519 516 586 πρόσοδον
560 522 653 574 καὶ
682 522 780 575 οὐκ
827 522 892 575 ἄν
942 526 1253 595 τιςοραδίως
1286 527 1499 580 ἐκλίποι
1548 530 1616 581 τὰ
1649 530 1785 581 οἴκοι

222 622 253 657 σ
264 606 333 675 ετ).
341 611 427 662 νά.

300 883 410 933 Καὶ
437 882 573 950 πρός
610 899 671 948 γε
715 885 793 935 ἔτι
827 885 921 951 οὐχ
953 879 1031 944 εἷς
1061 901 1140 947 τις
1173 886 1301 953 παρ’
1338 888 1518 947 αὐτοῖς
1571 892 1788 943 πάντων

224 968 415 1036 ἄρχων
461 972 573 1029 τοῖς
608 971 785 1032 ἄλλοις
835 971 1029 1039 χρῆται
1069 975 1204 1038 πρὸς
1238 974 1305 1026 τὰ
1349 976 1605 1029 δοκοῦντα
1630 993 1644 1008 ⁸
1673 980 1788 1031 ἀλλ’

212 1055 349 1121 ,ἐστι
398 1057 493 1125 μὲν
538 1051 582 1125 ᾧ
612 1060 813 1120 πάντες
848 1060 1130 1114 ὑπείκουσι
1179 1064 1384 1130 τάξεώς
1434 1083 1579 1128 τινος
1629 1068 1791 1121 ἕνεκα

228 1148 326 1199 καὶ
356 1151 582 1217 κόσμου,
618 1154 706 1201 καὶ
759 1152 849 1203 τοῦ
908 1152 981 1219 μὴ
1014 1154 1315 1222 φύρεσθαιο
1373 1151 1525 1216 οὗτος
1572 1158 1648 1221 δὲ,
1681 1159 1790 1211 τῶν

228 1238 459 1303 ἀγώνων
500 1240 788 1307 λυθέντων,
828 1238 1037 1304 πολλοῖς
1067 1248 1132 1297 ἂν
1168 1247 1398 1314 ἐκσταίη
1432 1247 1539 1299 τῶν
1571 1247 1663 1298 νῦν
1699 1248 1788 1314 ὑφ’

226 1328 413 1388 αύτον,
446 1330 539 1380 καὶ
568 1331 756 1396 γένους
786 1335 878 1386 καὶ
924 1334 1240 1402 χρημάτων,
1276 1337 1368 1387 καὶ
1396 1338 1491 1403 τῆς
1540 1338 1625 1388 διὰ
1653 1340 1790 1391 πάνυ

226 1438 339 1472 των
372 1422 670 1492 ἁϐρότητος
692 1440 705 1455 ·
746 1427 841 1477 καὶ
871 1426 1210 1479 πλεονεκτεῖν
1262 1428 1563 1497 βουληθεὶς,
1596 1430 1693 1483 οῦκ
1726 1430 1791 1483 ἂν

226 1514 344 1582 ἔχοι
382 1516 475 1567 καὶ
499 1516 621 1578 τοὺς
650 1517 840 1578 ἄλλους
874 1518 1226 1581 ἐπαινοῦντας
1256 1516 1631 1592 τὴνγνὼμην.
1666 1522 1791 1575 Ούτ’

226 1605 322 1657 οῦν
354 1608 559 1667 ἐκεῖνος
590 1609 809 1672 ἀδικῶν,
841 1611 1042 1672 πάντας
1070 1611 1446 1679 ἀντιλέγοντας
1495 1613 1637 1683 ἔχειν
1668 1617 1793 1683 βου-

223 1698 477 1768 λήσεται,
525 1701 633 1752 οὒτ’
683 1703 836 1753 αὐτοὶ
884 1704 1095 1773 μικρῶν
1151 1722 1311 1758 τινων
1343 1707 1526 1759 εἵνεκα
1561 1711 1790 1779 πονηροί

224 1809 375 1844 τινες
403 1794 718 1861 αἱρήσονται
747 1794 916 1859 δόξαι.
966 1798 1123 1848 Ἀλλὰ
1160 1799 1265 1867 μὴν
1297 1801 1387 1849 καὶ
1412 1800 1478 1850 τὰ
1504 1800 1609 1852 τῶν
1640 1802 1791 1868 τριή-
1824 1772 1862 1825 Β

230 1900 346 1951 ρων
371 1883 731 1954 πληρώματα,
782 1883 870 1946 αἷς
910 1888 1041 1954 πρὸς
1084 1888 1179 1955 τὴν
1216 1888 1581 1957 μετακομιδὴν
1625 1890 1792 1959 χρῶνο

230 1991 343 2035 ται,
384 1972 439 2037 ἐξ
464 1976 684 2026 ἐκείνων
717 1977 822 2027 εἰσὶ
846 1975 949 2027 τῶν
984 1977 1212 2041 πολεων,
1245 1973 1319 2031 ὧν
1343 1981 1398 2031 αἱ
1428 1980 1672 2031 ἀποικίαι
1699 1981 1793 2033 καὶ

223 2068 275 2118 οἱ
298 2065 528 2135 ἔμποροι
552 2069 680 2135 ἡμῖν
706 2086 719 2097 ·
751 2070 844 2119 καὶ
875 2070 1075 2133 ἴσασιν,
1103 2070 1175 2130 ὡς
1206 2048 1789 2140 ἡμῶεἷκρατηθέντων,

228 2155 604 2209 κεκλείσονται
669 2156 767 2226 μὲν
800 2157 979 2218 αὐτοῖς
1008 2156 1056 2207 οἱ
1112 2158 1328 2224 λιμένες
1353 2175 1365 2187 ’
1404 2160 1504 2228 τῆς
1553 2160 1609 2211 δὲ
1648 2177 1790 2212 otto-

226 2246 477 2309 πομπέας
506 2246 686 2313 ἕτερος
717 2244 901 2312 κύριος
945 2244 1093 2296 ἔσται
1116 2262 1129 2274 ·
1167 2248 1259 2298 καὶ
1299 2250 1394 2317 τῆς
1426 2249 1691 2311 ἀτελείας,
1727 2244 1792 2319 ἧς

221 2333 410 2395 αὐτοῖς
445 2336 909 2405 μεταδεδώκαμεν,
954 2338 1507 2393 ὲκπεσοῦνται.”ΩσΘ’
1557 2342 1673 2411 ἅμα
1732 2360 1790 2394 τε

225 2426 257 2493 ὴ
289 2428 447 2487 πόλις
477 2425 765 2494 ἁλώσεται,
815 2429 906 2481 καὶ
956 2424 1101 2482 οὗτοι
1140 2430 1509 2497 δουλεύσουσι,
1549 2436 1644 2486 καὶ
1693 2435 1792 2486 οῦκ

227 2519 298 2571 ἂν
328 2520 522 2585 ἔχοιεν,
549 2518 734 2589 ὥσπερ
764 2522 929 2590 ἡμᾶς,
969 2522 1062 2573 καὶ
1088 2522 1309 2586 τούτους
1336 2540 1349 2554 ο
1378 2526 1444 2576 τὰ
1485 2525 1581 2593 μὲν
1613 2525 1793 2593 βιαζό-

233 2628 413 2678 μενοι,
455 2611 520 2661 τὰ
544 2610 598 2663 δὲ
639 2609 914 2672 πείθοντες
947 2612 1007 2661 ὲκ
1042 2612 1258 2665 πάντων
1290 2613 1563 2674 πλουτεῖν,
1590 2610 1668 2675 οἷς
1691 2615 1795 2682 ἅμα

227 2704 487 2772 φ’,τέροις
528 2703 662 2767 πρὸς
692 2703 838 2772 ἡμᾶς
876 2704 963 2754 ἀεὶ
1000 2704 1259 2773 χρῶνται.
1294 2704 1502 2758 Οὔκουν
1535 2705 1793 2774 βούλοιντ’

226 2792 295 2845 ἂν
327 2796 408 2855 εἰς
438 2794 692 2854 τοιαύτας
725 2794 1032 2861 ἀμηχανίας
1087 2796 1411 2863 ἐμπίπτειν·
1444 2796 1558 2847 ἀλλ’
1582 2796 1791 2847 ἐπιοῦσι

223 2886 333 2955 μὲν
368 2886 476 2946 τοῖς
504 2884 794 2953 βαρϐάροις
835 2886 927 2937 καὶ
961 2886 1090 2954 ἡμῖν
1111 2886 1362 2955 βοηθοῦσι
1414 2890 1793 2955 συμπνεύσου-

224 2993 351 3030 σινο
386 2980 434 3029 εί
463 2977 518 3029 δὲ
547 2977 858 3038 πλεονάζειν
900 2977 1243 3046 ἐπιχειροῖεν,
1277 2980 1405 3047 ἡμῖν
1440 2978 1639 3047 μᾶλλον
1662 2995 1790 3046 προ·

226 3068 543 3136 σϐήσονται,
580 3069 673 3119 καὶ
711 3065 826 3134 μεθ’
866 3068 1019 3137 ἡμῶν
1049 3071 1240 3132 αὐτοὺς
1272 3070 1619 3139 ἀμυνοῦνται.
1641 3070 1793 3121 Ἐπεὶ

227 3160 329 3211 καὶ
358 3160 413 3209 τὸ
438 3160 534 3219 τὰς
561 3160 805 3229 τριήρεις
833 3161 1012 3221 αὐτοῖς
1039 3164 1361 3227 παρασχεῖν,
1393 3162 1483 3212 καὶ
1509 3160 1605 3227 τῆς
1633 3176 1793 3228 στρα-

222 3250 379 3310 τείας
410 3251 706 3313 κοινωνεῖν,
735 3251 879 3302 τοῦτ’
931 3250 1114 3309 αὐτοῖς
1152 3249 1421 3317 βούλεται,
1470 3250 1531 3300 τὸ
1566 3249 1662 3316 τὴν
1698 3249 1793 3316 μὲν

218 3342 386 3395 πόλιν
437 3341 695 3393 κινδύνων
751 3340 1152 3408 ἀπαλλαγῆναι,
1188 3342 1335 3408 ἡμᾶς
1366 3341 1423 3392 δὲ
1458 3340 1660 3405 ταύτης
1708 3339 1794 3408 βε-

221 3432 397 3493 ϐαίως
426 3431 639 3500 ἄρχειν,
665 3433 760 3483 καὶ
784 3432 843 3483 τὸ
872 3433 1095 3500 ἀρχαῖον
1130 3432 1312 3501 σχῆμα
1347 3435 1457 3494 τοῖς
1509 3432 1792 3500 πράγμασι

222 3521 536 3592 τηρηθῆναι
560 3538 572 3553 ο
602 3523 676 3584 ὡς
700 3521 841 3574 οὕτω
880 3523 930 3590 γ’
960 3522 1142 3585 αὐτοῖς
1167 3523 1429 3591 ἐσομένης
1463 3522 1665 3585 ἀδείας,
1701 3523 1793 3573 καὶ

224 3614 387 3664 πλεῖν
413 3613 531 3664 ὅποι
563 3631 640 3674 τις
695 3613 1087 3682 βούλεταινκαὶ
1116 3615 1179 3666 τὶ
1226 3614 1353 3665 ὄντα
1378 3612 1547 3665 πλείω
1596 3614 1787 3664 ποιεῖν.

232 3704 325 3767 Ὠς
355 3701 409 3755 εἴ
432 3703 483 3771 γ’
528 3705 613 3772 ἐφ’
641 3707 785 3773 ἡμᾶς
818 3705 972 3774 ἥξειν
1020 3704 1216 3764 αὐτοὺς
1254 3704 1531 3767 ὑπενόουν,
1564 3703 1716 3753 αὐτοί
1745 3707 1790 3752 τ’

218 3793 292 3846 ἂν
323 3794 569 3861 φανερῶς
609 3793 930 3861 ἐπολέμουν,
963 3794 1057 3845 καὶ
1089 3794 1221 3861 ἡμῖν
1259 3791 1535 3861 παρῄνουν
1582 3790 1787 3859 φυλάτ-

216 3882 439 3935 τεσθαι.
469 3883 533 3934 Ἰί
558 3884 737 3935 τοίνυν
786 3883 1171 3952 μαλακώτερον
1204 3883 1297 3936 τοῦ
1354 3884 1585 3953 δύναμιν
1617 3877 1698 3953 οῆς
1734 3887 1792 3934 τὸ

220 3974 413 4028 πλεῖον
442 3974 560 4043 μεθ’
588 3976 747 4045 ἡμῶν
774 3978 912 4039 ἐστι,
947 3976 1215 4041 ὃεδιέναις

295 4250 508 4316 Ὅμως,
567 4250 622 4301 εί
646 4264 731 4310 τις
781 4250 962 4308 αὐτοῖς
1020 4247 1315 4316 πρόσχημα
1371 4248 1467 4314 μὲν
1506 4243 1643 4301 εἶναι
1693 4247 1789 4318 τὴν

215 4338 478 4410 βοήθειαν
516 4336 683 4404 λέγοι,
719 4338 781 4389 τὸ
811 4338 853 4388 δ’
885 4336 1101 4405 ἀληθὲς,
1124 4337 1217 4405 τῆς
1251 4339 1420 4406 ἀρχῆς
1452 4337 1790 4405 ἐπιθυμοῦν-

1850 2478 1853 2481 λ
1893 2429 2123 2497 galibus,
2158 2443 2317 2496 quam
2369 2428 2450 2481 eis
2502 2427 2892 2489 concessimus,
2934 2425 3184 2478 amittant
3228 2442 3240 2478 :

1892 539 1952 583 ut
1981 544 2079 583 nec
2109 544 2298 582 eorum
2332 530 2514 598 plures
2561 532 2782 598 privatae
2830 533 2995 585 sortis
3031 532 3276 585 homines
3308 535 3449 598 sint;

1890 620 1983 673 sed
2015 630 2071 671 ut
2096 620 2297 689 singuli
2328 620 2549 673 domum
2574 621 2829 683 habeant,
2860 622 3239 691 subjectasque
3268 624 3451 686 urbe»,

1889 727 1951 765 ac
1984 712 2243 775 tribunal,
2282 712 2628 779 reditusque;
2681 720 2848 778 utque
2899 728 3006 763 non
3054 712 3210 765 facile
3255 712 3455 781 aliquis
3538 704 3541 705 ν

1890 805 2125 866 deserat,
2159 818 2279 870 qua:
2310 804 2453 855 domi
2489 812 2711 870 augusm
2755 817 2815 855 ac
2843 803 3098 869 praeclara
3130 803 3311 856 habet.

1962 894 2227 948 Prmterea
2258 894 2439 947 nullus
2469 893 2665 961 aliquis
2700 893 2839 960 apud
2875 892 2994 945 illos
3025 900 3110 945 est
3135 892 3255 945 aliis
3285 894 3457 959 ἰιιιῃιπ-

1892 1000 2039 1048 rans,
2082 984 2284 1052 quique
2328 983 2395 1035 iis
2426 992 2628 1042 utatur.
2664 984 2729 1035 ad
2776 998 2895 1051 quze
2929 983 3228 1051 placuerit:
3268 996 3453 1034 verum

1891 1077 1961 1129 sit
1999 1076 2218 1143 quidem
2252 1090 2392 1128 unus
2427 1073 2569 1142 quis,
2603 1075 2691 1126 cui
2736 1073 2943 1127 ordinis
2976 1088 3137 1125 causa
3173 1082 3333 1139 atque
3368 1072 3456 1125 de-

1893 1170 2056 1231 coris,
2091 1179 2145 1222 et
2182 1177 2239 1222 ut
2272 1184 2339 1222 ne
2373 1168 2441 1222 sit
2470 1167 2736 1229 confusio,
2769 1168 3011 1221 universi
3045 1167 3271 1233 subjecti
3300 1167 3406 1219 sint
3440 1181 3454 1219 :

1895 1270 1952 1311 ut
1981 1269 2155 1311 tamen
2200 1260 2391 1313 solutis
2441 1260 2847 1319 certaminibus,
2893 1256 3080 1310 multis
3134 1272 3322 1309 eorum
3359 1256 3455 1322 ‘qui

1892 1364 2036 1402 nunc
2082 1349 2128 1402 ei
2163 1350 2543 1417 subjiciuntur,
2574 1348 2791 1418 generis
2846 1346 3127 1400 nobilitate
3155 1362 3215 1398 ac
3250 1346 3457 1398 divitiis

1893 1442 2070 1503 cedat,
2131 1442 2387 1508 omnique
2442 1440 2548 1492 alio
2606 1439 2893 1507 splendore
2955 1453 3015 1492 ac
3074 1438 3455 1489 ornamentis:

1893 1542 2057 1599 atque
2086 1532 2149 1587 is.
2186 1538 2244 1584 ut
2276 1530 2526 1599 injuriam
2567 1530 2696 1581 velit
2733 1530 2957 1600 inferre,
2989 1528 3128 1581 haud
3160 1527 3294 1580 alios
3329 1541 3454 1594 pro-

1895 1620 2053 1688 positi
2101 1621 2407 1673 laudatores
2446 1621 2716 1673 habuerit.
2766 1618 2872 1672 Nec
2915 1634 3044 1686 ergo
3078 1618 3168 1671 ille
3212 1617 3457 1687 injuriam

1900 1711 2123 1775 faciens,
2191 1711 2477 1764 universos
2544 1710 2982 1764 contradicentes
3040 1708 3169 1760 velit
3228 1708 3457 1771 habere;

1891 1816 2067 1868 neque
2092 1800 2125 1853 ii
2152 1801 2222 1854 ob
2242 1801 2437 1869 exigua
2468 1801 2713 1868 quazdam
2739 1798 3043 1852 commoda.
3068 1798 3213 1865 pravi
3241 1799 3457 1866 quidam

1893 1906 1953 1943 ac
1982 1890 2197 1943 scelesti
2230 1890 2402 1942 videri
2437 1890 2661 1958 eligant.
2704 1890 2842 1953 Quin
2879 1898 2933 1941 et
2972 1888 3169 1941 nautici
3220 1889 3270 1938 in
3306 1888 3462 1939 trire-

1894 1981 2073 2033 mibus
2119 1979 2394 2039 homines.
2443 1980 2642 2047 quibus
2685 1979 2748 2030 ad
2796 1990 3073 2031 vecturam
3113 1986 3361 2041 utuntur,
3396 1992 3461 2029 ex

1892 2071 2000 2124 illis
2028 2080 2156 2124 sunt
2182 2070 2427 2131 urbibus,
2452 2084 2517 2123 ex
2545 2070 2743 2137 quibus
2769 2069 3011 2121 colonias
3041 2083 3102 2119 ac
3132 2075 3463 2119 mercatores

1892 2161 2199 2213 habemus:
2249 2159 2538 2226 sciuntque
2588 2160 2701 2209 fore
2755 2166 2811 2209 ut
2845 2157 3001 2209 nobis
3056 2154 3233 2215 victis,
3272 2165 3461 2221 portus

1891 2252 1968 2305 eis
1999 2251 2346 2311 claudantur,
2394 2250 2643 2317 aliusque
2676 2247 2989 2301 emittendae
3023 2260 3247 2298 annonae
3298 2256 3459 2311 atque

1896 2338 2155 2392 frumenti
2188 2338 2439 2391 dominus
2465 2338 2535 2391 sit
2562 2356 2573 2391 :
2606 2346 2776 2407 utque
2813 2334 3210 2388 inmunitatem
3239 2350 3267 2386 a
3291 2334 3459 2386 vecti-

3300 2435 3461 2491 atque

1894 2522 2031 2575 adeo
2073 2537 2171 2575 nec
2217 2522 2452 2574 futuram
2502 2520 2772 2590 ignorant,
2812 2527 2871 2572 ut
2902 2533 3025 2571 mox
3058 2527 3210 2585 capta
3242 2518 3461 2571 civitate

1893 2612 2149 2666 servituri
2175 2611 2283 2664 sint
2308 2627 2320 2663 :
2352 2625 2452 2663 nec
2478 2611 2620 2663 enim
2650 2610 2723 2661 uti
2753 2622 2851 2660 nos
2878 2611 2957 2659 sic
2985 2607 3104 2659 illos
3133 2606 3461 2668 habuerint;

1893 2719 1997 2773 qua
2032 2702 2178 2756 velut
2222 2702 2297 2766 vi,
2329 2682 2434 2769 qua
2471 2711 2687 2769 sponte,
2723 2716 2789 2754 ex
2825 2700 3082 2753 omnibus
3114 2698 3319 2751 divitiis
3367 2713 3463 2750 au-

1894 2795 2007 2861 geri
2044 2774 2373 2861 querentes,
2410 2808 2519 2860 quo
2552 2802 2781 2859 utroque
2833 2792 2884 2847 in
2922 2805 3019 2844 nos
3048 2805 3263 2858 semper
3299 2801 3464 2843 utun-

1898 2894 2006 2936 tur.
2044 2882 2196 2935 llaud
2244 2896 2396 2951 ergo,
2448 2883 2521 2934 illi
2573 2885 2623 2933 in
2670 2882 2937 2951 ejusmodi
2990 2881 3264 2950 angustias
3298 2881 3465 2935 velint

1896 2976 2136 3029 incidere
2162 2990 2177 3027 :
2208 2975 2341 3043 quin
2377 2984 2433 3027 ut
2465 2976 2516 3031 iu
2548 2966 2815 3027 Barbaros
2843 2975 3063 3043 quidem
3094 2974 3370 3034 invadant,
3401 2990 3464 3028 ac

1896 3072 2051 3125 nobis
2082 3071 2437 3129 auxilientur.
2460 3086 2583 3124 cum
2608 3071 2687 3124 eis
2709 3071 3100 3139 conspirabuut
3126 3087 3138 3122 :
3174 3070 3254 3123 sin
3281 3078 3462 3123 autem

1898 3162 2151 3231 injuriam
2204 3162 2406 3215 inferre
2458 3161 2808 3226 tentaverint,
2845 3163 3001 3214 nobis
3052 3162 3232 3230 potius
3268 3160 3461 3229 adjun-

1893 3261 2108 3321 gentur,
2139 3269 2201 3306 ac
2229 3252 2376 3319 ipsos
2402 3253 2697 3305 nobiscum
2734 3252 3088 3305 ulciscentur.
3121 3252 3252 3304 Nam
3294 3252 3460 3305 etiam

1895 3341 2184 3407 pnebendo
2219 3341 2488 3403 triremes,
2521 3356 2582 3395 ac
2608 3341 2751 3395 'belli
2799 3342 3059 3397 societate
3106 3342 3209 3395 hoc
3248 3342 3457 3403 volunt,

1896 3441 1953 3483 ut
2000 3430 2130 3483 urbs
2178 3430 2398 3499 quidem
2446 3446 2474 3482 a
2529 3429 2788 3499 periculis
2830 3431 3126 3496 liberetur,
3178 3445 3276 3483 nos
3332 3445 3462 3483 vero

1895 3521 2109 3574 firmum
2141 3520 2259 3588 ejus
2293 3532 2572 3574 teneamus
2602 3520 2914 3588 imperium,
2946 3535 3141 3589 resque
3180 3519 3459 3589 antiquam

1894 3609 2122 3663 formam
2159 3612 2471 3667 retineant:
2506 3613 2647 3680 quod
2677 3612 2748 3666 ita
2785 3613 2956 3667 libera
3001 3612 3232 3666 facultas
3280 3600 3460 3664 futura

1892 3703 1988 3767 sit,
2017 3712 2074 3757 ut
2114 3720 2223 3772 quo
2258 3705 2446 3767 velint,
2486 3714 2602 3758 tuto
2636 3704 2912 3771 navigeut,
2956 3714 3295 3772 augeantque
3336 3717 3463 3755 suas

1893 3792 2197 3847 lacultatos.
2241 3793 2606 3858 Quamobrem
2657 3802 2717 3847 ut
2761 3793 3001 3862 suspicio
3043 3800 3189 3846 esset
3242 3807 3460 3845 movere

1894 3886 2014 3938 illos
2048 3885 2333 3939 adversum
2384 3899 2502 3947 nos,
2534 3884 2712 3954 palam
2752 3884 2855 3953 ipsi
2894 3892 3082 3938 contra
3128 3893 3454 3952 pugnarent,

1894 3990 1955 4028 ac
1980 3973 2141 4028 nobis
2191 3968 2491 4029 cavendum
2542 3985 2855 4029 monerent.
2889 3974 3030 4039 Quid
3075 3989 3202 4043 ergo
3243 3975 3484 4027 mollius,

1895 4066 2391 4135 eﬂ‘eminatiusque,
2419 4082 2580 4135 quam
2616 4076 2674 4119 ut
2700 4066 2955 4118 virtutem
2985 4068 3140 4135 cujus
3174 4066 3455 4119 nobiscum

1892 4170 2016 4223 pars
2040 4155 2273 4208 maxima
2304 4155 2394 4217 sit,
2430 4153 2762 4209 timeamus?

1963 4247 2275 4311 Enimvero,
2303 4259 2360 4300 ut
2390 4248 2514 4316 quis
2540 4247 2621 4301 eis
2659 4247 2920 4301 auxilium
2964 4245 3186 4316 quidem
3228 4248 3453 4315 prmtexi

1891 4338 2057 4403 dicat,
2105 4353 2293 4392 revera
2346 4348 2525 4392 tamen
2573 4338 2760 4391 venire
2812 4337 3113 4407 imperandi
3162 4338 3457 4406 cupiditate

213 4448 323 4493 τας
361 4429 570 4497 καὶτῆς
604 4429 832 4489 πόλεως,
857 4421 1111 4499 ἔρχεσθαι
1137 4442 1151 4457 ·
1189 4429 1448 4496 πρότερον
1507 4426 1675 4497 ἐχρῆν
1700 4428 1786 4496 ἐφ’

1891 4428 2176 4497 impulsos,
2219 4437 2275 4483 et
2320 4438 2378 4483 ut
2430 4430 2583 4484 urbis
2630 4427 2929 4498 potiantur,
2970 4431 3255 4499 Oportebat
3300 4433 3454 4499 prius

212 4518 434 4573 ἑαυτῶν
490 4516 976 4587 βουλευσαμένους,
1024 4520 1119 4571 καὶ
1153 4518 1245 4571 τὸν
1301 4518 1471 4577 δόλον.
1504 4520 1578 4583 ὡς
1633 4520 1777 4588 ἐνῆν,

216 4610 646 4683 συσκιάσαντας,
684 4610 853 4671 οὕτως
880 4612 1338 4681 ὲπιχειρεῖνηνῦν
1377 4613 1420 4664 δ’
1454 4613 1611 4681 ἴσμεν
1652 4615 1781 4677 ὅσας

200 4699 329 4769 -μὲν
383 4698 677 4769 πρεσόείας
750 4705 779 4751 ὁ
842 4700 1090 4775 βασιλεὺς
1163 4702 1255 4752 ἐπὶ
1328 4704 1500 4756 ταῦτα
1567 4705 1785 4773 κεκίνη-

214 4810 343 4855 κεν,
381 4794 534 4852 ὅσους
564 4792 608 4844 δ’
640 4780 795 4844 αὐτοὶ
834 4791 994 4843 πάλιν
1045 4794 1471 4847 ἀνταπέστειλαν
1502 4796 1778 4863 πρέσϐεις.

208 4884 741 4957 παρασκευάζεσθαι
793 4886 955 4951 σφᾶς,
989 4884 1081 4937 καὶ
1129 4887 1326 4953 μηκέτι
1362 4886 1649 4955 μελλήσειν
1680 4905 1785 4955 μη-

209 4976 469 5036 νύοντας.
508 4975 670 5028 Ἀλλὰ
706 4978 796 5028 καὶ
830 4977 887 5039 ἐξ
926 4975 1210 5045 Ἰταλίαςή
1257 4976 1483 5046 δύναμις
1526 4980 1778 5043 ἐκινεῖτο,

211 5065 317 5120 καὶ
371 5065 488 5116 τότε
534 5066 897 5134 προύπέμψας
927 5067 1117 5136 ἄνδρα,
1169 5068 1503 5136 προεροῦντα
1549 5068 1666 5137 μὲν,
1706 5069 1780 5132 ὡς

209 5156 325 5227 ἤδη
352 5156 572 5217 τούτους
598 5158 998 5227 ,προσδέχεσθαι
1034 5158 1137 5226 χρή
1160 5174 1174 5189 ο
1204 5160 1557 5226 φ’ροντιοῦντα
1599 5160 1654 5212 δὲ
1688 5163 1781 5213 καὶ

205 5245 331 5299 τῶν
359 5246 672 5312 ἀναγκαίων
695 5284 710 5307 ,
745 5248 837 5298 καὶ
884 5248 1023 5299 ὅσων
1052 5246 1420 5316 στρατεύματι
1456 5249 1554 5303 δεῖ.
1581 5245 1688 5300 Ἦν
1726 5250 1782 5300 δὲ

206 5329 374 5396 οὗτος
398 5336 496 5405 οὐχ
525 5337 553 5388 δ
576 5336 750 5403 τυχών
775 5352 788 5366 ·
819 5336 954 5389 ἀλλὰ
986 5340 1256 5401 κάκείνοις
1286 5340 1506 5401 οίκεῖος,
1537 5341 1629 5391 καὶ
1652 5341 1780 5403 παρ’

207 5430 353 5495 ἡμῖν
388 5428 579 5497 ωχνίν
625 5428 932 5498 διατρίψας,
980 5432 1071 5483 καὶ
1106 5434 1297 5501 πεῖραν
1332 5431 1543 5493 εὐνοίας
1570 5432 1646 5498 τῷ
1687 5432 1783 5499 βα-

211 5520 363 5573 σιλεῖ
382 5518 657 5580 δεδωκὼς,
687 5522 781 5574 καὶ
804 5522 868 5575 δι’
893 5512 953 5572 οὗ
982 5522 1198 5589 μάλισθ’
1218 5526 1247 5595 ,ό
1276 5524 1529 5590 βασιλεὺς
1560 5522 1781 5584 τούτους

209 5606 434 5662 ἐκάλει·
462 5608 522 5659 El
552 5609 734 5661 τοίνυν
785 5612 902 5680 μετ’
931 5612 1144 5680 ἀπάτης
1190 5614 1465 5678 ὴόούλονθ⁹
1494 5616 1626 5681 ἡμῖν
1667 5616 1783 5664 ἐπι-

209 5699 427 5766 Θέσοαι,
446 5699 559 5753 τίν’
592 5697 707 5770 εἶχε
738 5702 891 5769 λόγον
916 5705 1097 5765 αὐτοῖς
1125 5706 1410 5776 προλέγειν
1438 5708 1532 5774 τὴν
1556 5703 1739 5774 ἔφοδον
1762 5721 1776 5768 ;

1885 4520 2025 4589 apud
2077 4522 2224 4589 ipsos
2270 4520 2659 4585 deliberantes,
2709 4521 3027 4588 dolumque,
3076 4531 3133 4573 ut
3186 4521 3452 4599 licuisset,

1884 4610 2291 4674 adumbrantes,
2342 4613 2420 4665 sic
2457 4607 2568 4665 re'm
2600 4610 2817 4680 aggredi
2847 4629 2861 4664 :
2896 4627 3040 4665 nunc
3070 4627 3199 4665 vero
3248 4612 3454 4665 scimus

1885 4717 2046 4770 quam
2093 4702 2280 4757 multis
2324 4704 2621 4773 imperator
2661 4703 3025 4773 legationibus
3058 4704 3122 4756 ad
3159 4702 3274 4757 haec
3306 4702 3458 4755 viros

1886 4796 2300 4862 provocaverit;
2338 4805 2580 4863 quotque
2616 4795 2691 4847 illi
2740 4794 2981 4847 vicissim
3036 4794 3240 4847 nuntiis
3277 4792 3456 4845 desti—

1884 4883 2048 4946 natis,
2088 4883 2355 4935 adornare
2391 4884 2643 4944 classem,
2697 4897 2798 4935 nec
2840 4898 2898 4936 se
2946 4884 3083 4935 ultra
3142 4890 3453 4935 moraturos

1884 4972 2333 5042 Significaveriut.
2368 4973 2508 5037 Quin
2535 4974 2646 5039 jam
2678 4974 2924 5027 exercitu
2954 4973 3021 5025 ab
3050 4971 3200 5025 Italia
3239 4985 3454 5024 moven-

1887 5077 1957 5131 te,
1994 5064 2094 5118 sub
2130 5064 2305 5132 ipsum
2351 5065 2643 5119 articulum
2697 5066 2874 5117 virum
2926 5065 3323 5132 praemiseruut,
3356 5064 3449 5128 qui

1885 5155 2098 5223 iamjam
2134 5160 2532 5223 exspectandus
2571 5154 2907 5226 praediceret,
2943 5155 3029 5207 cui
3067 5153 3225 5207 etiam
3263 5167 3454 5205 neces-

1884 5249 2151 5299 sariOrum
2202 5262 2329 5299 cura
2366 5246 2727 5308 incumberet,
2761 5260 2824 5299 ac
2865 5246 2919 5299 in
2968 5245 3266 5298 exercitum
3301 5260 3450 5297 com-

1886 5346 2095 5391 meatus
2125 5353 2383 5405 provrsno.
2426 5338 2475 5390 Is
2504 5349 2684 5391 autem
2714 5352 2819 5392 non
2852 5338 3014 5389 homo
3041 5335 3276 5405 vulgaris
3302 5346 3442 5396 erat,

1883 5430 1975 5483 sed
2022 5439 2076 5487 et
2126 5431 2259 5497 ipsis
2313 5429 2613 5491 familiaris,
2668 5444 2732 5481 ac
2780 5428 3092 5495 frequenter
3145 5428 3287 5495 apud
3345 5442 3446 5479 nos

1884 5531 2151 5581 versatus,
2178 5520 2379 5588 quique
2422 5520 2701 5573 benevola;
2734 5519 2930 5573 mentis
2968 5520 3242 5589 Specimen
3275 5517 3447 5584 impe-

1887 5611 2051 5665 ratori
2098 5611 2474 5665 exhibuisset:
2513 5612 2669 5681 cujus
2715 5611 2950 5679 denique
3003 5609 3231 5663 maxime
3276 5622 3470 5675 opera-

1886 5702 2182 5773 im‘perator
2213 5704 2332 5757 il'os
2364 5703 2673 5759 advoraret.
2706 5701 2984 5773 Siquidem
3030 5714 3157 5767 ergo
3198 5699 3439 5770 fraudem
