4166 6330
760 382 853 439 991

2045 384 2415 443 υΕιιΕΤιιιι
2460 383 2767 444 CYUONII

3888 388 4007 451 ειειὲ

761 496 954 548 fat-turi
994 495 1291 550 voluissent
1330 499 1612 559 inv-alere.
1651 498 1778 564 quid
1820 500 2047 555 rationis
2079 510 2135 555 ut
2178 503 2329 554 inva-

2460 503 2509 551 )ὖ
2538 503 2640 570 γαρ
2674 502 2739 571 δὴ
2768 500 2829 554 τό
2864 504 2913 569 γ’
2949 504 3011 555 ὲκ
3052 507 3409 576 προρρήσεως
3452 507 3707 575 πολεμεῖν
3750 511 4005 578 ἀσφαλέα

762 593 970 642 siouem
1004 592 1390 659 praedicerent?
1414 592 1518 644 Nec
1551 593 1694 645 enim
1729 592 1830 645 hoc
1864 593 2055 656 tutius,
2092 605 2149 647 ut
2180 595 2333 648 hoste

771 682 1093 748 prazmonito
1135 682 1200 734 ad
1254 683 1451 735 bellum
1486 684 1805 752 accingaris.
1848 684 1941 737 Sin
1971 697 2150 739 autem
2188 687 2333 755 quis,

770 772 987 825 tametsi
1034 775 1515 841 pra'sentientibus
1550 775 1703 828 nobis
1752 775 1886 829 nihil
1934 777 2059 830 inde
2106 779 2338 847 amplius

768 864 881 918 fore
915 865 1138 929 dixerit,
1172 867 1300 932 quid
1328 868 1439 934 jam
1486 882 1578 920 eos
1615 868 1847 921 ludemla
1885 868 2065 921 fabula
2106 886 2166 923 ac
2198 873 2340 923 deci-

770 958 969 1025 piendo
997 968 1269 1023 Spectasse
1314 959 1591 1011 dicemus?
1636 961 1733 1013 nisi
1769 961 1891 1029 quis
1926 962 2073 1015 nullo
2105 976 2200 1014 eos
2237 961 2338 1014 ﬁue

770 1064 931 1116 agere
962 1049 1181 1103 dixerit.
1216 1050 1529 1113 Enimvero,
1558 1052 1608 1102 id
1639 1053 1702 1104 de
1729 1054 1928 1107 nostris
1959 1053 2108 1107 hisce
2132 1068 2341 1107 Sermo-

775 1141 934 1191 mbns
982 1141 1243 1205 probabili
1295 1142 1461 1209 magis
1490 1143 1699 1195 ratione
1734 1144 1935 1195 dictum
1980 1145 2249 1205 videatur,
2284 1152 2342 1197 ut

771 1249 866 1285 cus
890 1234 1157 1300 jactemus
1191 1243 1415 1295 temere,
1450 1235 1765 1302 nullumque
1793 1237 2151 1289 centendendi
2180 1236 2339 1289 ﬁnem

774 1323 1059 1387 faciamus,
1109 1326 1199 1391 qui
1235 1327 1520 1378 Sedeamus
1554 1327 1705 1379 ltthO
1739 1327 2084 1392 deputantes,
2125 1336 2178 1378 ut
2212 1328 2341 1393 quid

775 1416 1021 1469 criminis
1052 1418 1235 1470 studio
1264 1418 1577 1480 inferamus,
1619 1429 1675 1471 ut
1706 1420 1827 1485 quis
1858 1419 1992 1471 bene
2026 1420 2155 1472 velit
2204 1420 2345 1473 Prm-

778 1518 925 1559 terea
968 1523 1114 1565 vero.
1164 1524 1267 1560 non
1316 1510 1428 1561 luce
1480 1499 1708 1562 Romani
1758 1525 1785 1563 a
1829 1512 2071 1577 patribus
2121 1510 2341 1573 habent,

777 1615 876 1651 nec
908 1600 987 1652 eis
1017 1615 1076 1652 ea
1109 1599 1328 1652 ferenda
1388 1611 1480 1652 aut
1522 1609 1747 1663 cognata
1793 1610 1939 1661 sunt,
1981 1598 2153 1665 inquit
2185 1598 2348 1667 juris-

776 1690 1215 1743 consnltissimns
1266 1691 1373 1743 ille.
1406 1690 1678 1755 Quosnam
1721 1693 1866 1743 enim
1918 1692 2129 1759 priores
2184 1690 2343 1743 nobis

779 1782 1137 1849 decipientes.
1170 1783 1252 1847 sic
1294 1781 1359 1834 de
1412 1783 1543 1849 ipsis
1595 1783 1903 1849 Sttspicandi
1956 1796 2139 1834 ansam
2192 1782 2349 1833 nobis

778 1871 1101 1936 pnebuerc?
1149 1870 1456 1934 Ettimvern,
1514 1872 1807 1923 multorum
1858 1872 2076 1938 quidem
2106 1913 2118 1933 ,
2150 1873 2348 1939 rogati,

783 1964 987 2028 patrias
1028 1962 1367 2014 \indiearnnt
1408 1978 1471 2015 ac
1519 1962 1859 2025 libertatem;
1908 1973 1966 2015 ut
2000 1973 2179 2015 autem
2229 1963 2353 2029 quis

782 2069 973 2105 eorum
1011 2069 1195 2115 causa,
1230 2069 1389 2121 quam
1422 2069 1545 2120 spes
1573 2065 1745 2112 erant.
1777 2055 2016 2107 deterior
2047 2056 2350 2118 recesserit,

782 2159 944 2194 nemo
991 2144 1257 2197 hactenus
1303 2146 1589 2197 ostendere
1644 2146 1833 2213 possit.
1883 2145 2022 2210 Quin
2071 2146 2209 2212 apud
2259 2160 2354 2198 eos

781 2236 919 2288 adeo
950 2236 1124 2288 virtus
1159 2237 1268 2289 lucc
1302 2252 1507 2288 summa
1544 2245 1625 2287 est
1668 2250 1728 2288 ac
1760 2251 2113 2303 exsuperans,
2152 2249 2209 2290 ut
2254 2252 2353 2291 nec

783 2327 925 2379 desit
965 2328 1055 2395 qui
1094 2336 1146 2379 et
1180 2328 1288 2394 jam
1325 2327 1568 2379 stultitim
1594 2342 1655 2378 ea
1694 2335 1846 2394 parte
1872 2338 2112 2381 accuset.

858 2415 1070 2483 Quippe
1101 2416 1222 2482 quis
1265 2416 1392 2477 fuit,
1436 2429 1531 2481 pro
1566 2429 1821 2479 agrorum
1854 2414 2052 2467 ﬁnibus
2084 2416 2231 2468 litem
2264 2416 2353 2467 alii

788 2507 1085 2571 intentans,
1121 2522 1181 2559 ac
1212 2507 1278 2559 de
1313 2506 1375 2559 iis
1401 2521 1523 2558 cum
1563 2523 1625 2558 eo
1662 2506 1981 2573 digla'lians.
2041 2507 2139 2561 Ubi
2194 2522 2356 2576 porro

787 2609 961 2650 morte
992 2598 1183 2650 habuit
1217 2598 1461 2665 defungi,
1494 2598 1730 2649 moriens
1764 2598 1893 2665 ipse.
1930 2598 2161 2650 ﬁliorum
2195 2610 2355 2667 atque

790 2689 978 2741 uxoris
1025 2697 1328 2741 curatorem
1384 2689 1638 2741 aemulum
1679 2704 1742 2739 ex
1776 2697 2096 2741 testamento
2129 2692 2358 2759 inscrip-

787 2779 881 2831 sit.
924 2778 998 2831 Ac
1027 2779 1246 2845 quidem
1294 2779 1405 2839 ille,
1441 2779 1489 2831 ei
1544 2782 1780 2835 moriens
1820 2778 2065 2837 conﬁdit,
2121 2797 2354 2846 quocum

788 2871 981 2922 vivens
1013 2886 1189 2938 pugna
1218 2872 1609 2923 contendisset.
1653 2872 1799 2924 Alter
1823 2882 2002 2924 autem
2036 2872 2197 2925 rebus
2228 2874 2358 2939 ipsis

792 2961 1102 3028 opinionem
1135 2961 1500 3025 confirmavit,
1548 2962 1831 3028 indignum
1872 2976 1933 3015 ac
1980 2962 2355 3031 turpissimum

792 3063 960 3108 ratus.
995 3061 1050 3102 ut
1080 3052 1377 3104 adversarii
1420 3052 1485 3103 de
1523 3052 1637 3119 ipso
1672 3052 1917 3112 meliora,
1952 3069 2111 3121 quam
2145 3056 2254 3120 ipse
2292 3054 2358 3106 de

2438 610 2647 660 στερον.
2684 596 2742 645 Et
2774 594 2828 647 δὲ
2858 596 2953 647 καὶ
2972 590 3447 666 προαισθόμένοις,
3477 600 3628 651 οὐδὲν
3652 600 3802 654 ἔσται
3833 603 4012 667 πλέρν

2438 687 2589 752 ἡμῖν,
2633 686 2792 753 φήσει
2832 703 2937 747 τις,
2972 689 3112 749 τίνος
3140 688 3323 741 λοιπὸν
3365 690 3558 753 αὐτοὺς
3590 690 3823 760 ἐροῦμεν
3855 696 4013 745 ἀπα-

2436 775 2645 837 τῶντας
2677 776 3061 844 στοχάζεσθαι;
3103 781 3151 831 εί
3184 781 3257 849 μή
3291 797 3373 842 τις
3422 783 3554 847 πρὸς
3601 784 3765 851 μηδὲν
3812 786 4011 846 αὐτοῖς

2439 867 2577 919 εἴποι
2613 866 2828 935 βλέπειν
2861 870 2957 930 τας
2998 872 3242 939 πράξεις.
3289 872 3449 924 Ἀλλὰ
3486 876 3612 941 περὶ
3652 876 3757 925 τῶν
3800 876 4015 943 ἡμετέ-

2444 974 2549 1026 ρων
2586 960 2808 1012 τουτωνῖ
2833 962 3007 1028 λόγων
3039 963 3403 1033 πιθανώτερον
3435 965 3591 1016 τοῦτο
3620 965 3861 1031 δοξαζειν
3885 983 3899 995 ·
3930 966 4012 1027 ὼς

2442 1049 2565 1117 εἰκῆ
2606 1050 2827 1112 τούτους
2859 1054 3141 1120 ρίπτομεν,
3178 1056 3267 1107 καὶ
3296 1057 3468 1125 πέρας
3524 1058 3656 1125 ἡμῖν
3711 1059 3860 1110 οὐδὲν
3903 1059 4014 1124 τῆς

2443 1141 2795 1208 φιλονεικίας,
2814 1145 2866 1195 οἵ
2887 1160 2944 1210 γε
2972 1145 3257 1214 καθήμεθα
3289 1147 3476 1214 κέρδος
3501 1148 3830 1214 νομίζοντες,
3857 1150 3925 1201 ἄν
3958 1164 4015 1199 τι

2443 1236 2569 1293 τοὺς
2603 1230 2659 1287 εὖ
2694 1238 2867 1287 ποιεῖν
2909 1237 3267 1305 βουλομένους
3310 1238 3704 1305 αίτιασώμεθα.
3739 1240 3927 1306 Χωρὶς
3956 1239 4015 1290 δὲ

2443 1328 2644 1379 τούτων
2675 1328 2772 1380 οὐκ
2822 1322 2888 1395 ἦν
2931 1327 3103 1381 ταῦτα
3158 1329 3450 1396 Ῥωμαίοις
3478 1330 3705 1397 πάτρια,
3740 1327 3849 1379 οὐδ’
3887 1330 4020 1381 ἁνε-

2446 1418 2570 1481 κτά,
2599 1419 2707 1470 οὐδ’
2740 1419 2977 1485 ἔμφυτα,
3030 1420 3192 1486 φησὶν
3218 1421 3245 1470 6
3284 1418 3515 1486 μάλιστα
3568 1419 3722 1479 εἰδὼς
3766 1419 4017 1486 συμϐου-

2445 1510 2639 1562 λεύειν.
2672 1511 2834 1572 Τίνας
2872 1511 2977 1575 γὰρ
3022 1510 3210 1573 ἄλλους
3260 1512 3363 1581 πρὸ
3408 1510 3562 1579 ἡμῶν
3606 1512 4017 1577 ἀπατήσαντεςι

2447 1602 2616 1654 ταῦτα
2643 1604 2918 1668 παρέσχον
2946 1594 3077 1667 ἦμῖν
3108 1603 3235 1671 περὶ
3266 1602 3442 1653 αὐτῶν
3468 1601 3796 1654 ὑποπτεύειν
3817 1620 3831 1665 ;
3854 1600 4022 1653 Ἀλλὰ

2453 1696 2558 1761 μὴν
2585 1694 2800 1753 πολλοῖς
2842 1693 2941 1759 μὲν
2971 1693 3182 1745 ἔσωσαν
3213 1694 3451 1763 δεηθεῖσι
3486 1696 3583 1757 τὰς
3620 1694 3888 1760 πατρίδας
3919 1695 4022 1747 καὶ

2450 1786 2548 1852 τὴν
2581 1784 2891 1852 ἐλευθερίαν
2915 1801 2926 1815 ·
2975 1786 3119 1846 ὅστις
3140 1786 3210 1837 ’δὲ
3242 1787 3308 1838 δι’
3340 1788 3536 1848 αὐτοὺς
3572 1789 3757 1855 χεῖρον
3786 1785 3896 1836 τῶν
3933 1786 4023 1836 ὲλ-

2454 1876 2619 1926 πίδων
2644 1874 2974 1944 ἀπήλλαξεν,
3012 1876 3109 1927 οὐκ
3142 1877 3206 1928 ἂν
3238 1875 3349 1944 ἔχοι
3379 1895 3461 1938 τις
3488 1878 3679 1945 ’μέχρι
3719 1876 3879 1945 δεῦρο
3910 1876 4023 1927 δει-

2454 1965 2663 2017 κνύναι.
2714 1968 2819 2019 Καὶ
2877 1967 3109 2033 τοσαύτη
3174 1966 3301 2035 παρ’
3356 1968 3537 2028 αὐτοῖς
3565 1971 3711 2019 ἐστιν
3750 1967 3848 2030 τῆς
3888 1965 4023 2034 περὶ

2453 2056 2604 2109 ταῦτ’
2642 2059 2844 2126 ἀρετῆς
2893 2061 2924 2125 ἠ
2981 2059 3275 2128 ὑπέρΰολὴ,
3308 2060 3433 2111 ὥστ’
3466 2060 3564 2128 ἥδη
3598 2076 3680 2121 τις
3730 2060 3797 2111 ἂν
3839 2059 4022 2111 αὐτῶν

2456 2151 2583 2219 περὶ
2613 2150 2784 2203 ταῦτα
2813 2152 2905 2203 καὶ
2935 2153 3186 2220 εὐήθειαν
3218 2150 3533 2218 καταγνοίη.

2531 2411 2745 2464 Τούτων
2774 2410 2880 2480 γάρ
2911 2414 3058 2463 ἐστιν
3098 2414 3124 2464 6
3166 2411 3396 2480 πόλεμον
3428 2412 3564 2481 πρός
3594 2430 3712 2465 τινα
3744 2414 3875 2480 περὶ
3924 2414 4027 2480 γῆς

2456 2506 2593 2573 ὅρων
2637 2501 2937 2568 ἐξενεγκὼν
2961 2518 2977 2535 ο
3012 2502 3131 2554 ἐπεὶ
3178 2502 3222 2555 δ’
3268 2502 3551 2567 ἀποθάνοι,
3583 2504 3676 2571 τῆς
3709 2506 3897 2573 χώρας
3932 2508 4028 2557 καὶ

2457 2596 2547 2648 τοῦ
2578 2595 2764 2657 παιδὸς
2800 2596 3195 2663 ἀποσχόμενος,
3234 2598 3337 2657 ὅτι.
3385 2597 3538 2665 φησὶ,
3576 2597 3843 2649 τελευτῶν
3870 2600 3898 2650 6
3930 2615 4025 2649 πο-

2458 2686 2662 2755 λέμιος,
2694 2688 2814 2747 ταῖς
2853 2685 3139 2754 διαθήκαις
3172 2687 3374 2739 παίδων
3428 2690 3521 2739 καὶ
3571 2689 3829 2753 γυναικὸς
3857 2688 4030 2739 αὑτὸν

2459 2775 2795 2844 ἐπιμελητὴν
2854 2775 3198 2845 παρέγραψε.
3251 2777 3358 2829 Καὶ
3393 2778 3420 2828 6
3469 2775 3568 2845 μὲν
3624 2776 3850 2845 ἐθάρρει
3885 2782 4031 2845 μετᾶ

2458 2867 2555 2935 τὴν
2588 2866 2863 2935 τελευτὴν,
2894 2859 2937 2932 ᾦ
2969 2866 3077 2929 ζῶν
3119 2868 3376 2935 ἐπολέμει
3400 2885 3413 2897 ο
3451 2870 3477 2919 6
3507 2868 3551 2920 δ’
3588 2869 3678 2919 ἐπὶ
3707 2868 3816 2921 τῶν
3845 2886 4033 2935 πραγ-

2462 2959 2647 3025 μάτων
2675 2957 2921 3008 ὲεεδαίου
2954 2958 3051 3025 τὴν
3083 2957 3238 3022 δόξαν
3258 2975 3273 2989 ο
3312 2958 3583 3025 αἴσχιστον
3608 2955 3746 3011 εἶναι
3787 2960 4039 3025 νομίζων

2463 3045 2699 3112 βελτίους
2730 3044 2871 3113 ἔχειν
2896 3046 3025 3113 περὶ
3048 3045 3211 3096 αὐτοῦ
3242 3047 3366 3107 τοὺς
3400 3047 3682 3113 δυσμενεῖς
3708 3046 4037 3115 ὑπολήψεις,

793 3158 849 3194 se
878 3144 1146 3195 sentiret:
1178 3153 1345 3210 utque
1399 3143 1505 3196 illis
1543 3135 1936 3196 humanitatem
1982 3146 2239 3212 suffragio
2282 3160 2356 3199 as-

2464 3129 2538 3188 ὧν
2567 3136 2725 3197 αὐτὸς
2754 3138 2883 3202 περὶ
2908 3135 3100 3187 ἑαυτοῦ
3131 3151 3146 3168 ο
3170 3137 3454 3197 κάκείνους
3489 3137 3584 3204 μὲν
3615 3136 4039 3205 φιλανθρωπῖαν

793 3232 1127 3289 seremilus.
1173 3232 1287 3297 ipse
1345 3232 1445 3285 sibi
1511 3233 1852 3285 crudelitatis
1888 3235 2140 3285 conscius
2192 3242 2354 3287 esset.

794 3320 979 3389 Iraque
1011 3337 1199 3374 eorum
1230 3322 1458 3374 laudans
1490 3324 1777 3375 consilium
1821 3325 1911 3391 qui
1955 3326 2071 3389 ejus
2124 3325 2195 3376 illi
2248 3326 2360 3377 ani-

797 3414 867 3463 mi
909 3423 1159 3465 auctores
1196 3413 1445 3475 fuissent,
1484 3415 1626 3466 haud
1661 3415 1860 3468 frustra
1913 3417 2191 3468 inimicum
2238 3432 2362 3486 spe-

798 3518 971 3565 rasse,
1039 3504 1200 3555 rebus
1259 3507 1655 3572 comprobavit.
1717 3505 1877 3558 Cum‘
1917 3508 2058 3559 enim
2134 3523 2359 3573 puerum

796 3594 939 3657 apud
974 3610 1029 3647 se
1090 3595 1372 3663 magniﬁce
1422 3594 1693 3656 educavit,
1729 3606 1839 3647 tum
1871 3597 1989 3664 ejus
2030 3598 2364 3665 principatus

796 3699 861 3740 ac
888 3687 1249 3752 spectantium
1281 3688 1341 3737 ad
1397 3688 1595 3755 ipsum,
1642 3702 1826 3739 curam
1865 3687 2083 3741 interim
2111 3688 2242 3756 egit,
2270 3688 2365 3741 do—

800 3789 899 3831 nec
934 3777 1020 3829 ille
1056 3778 1174 3843 ejus
1208 3778 1532 3831 educatione
1578 3792 1639 3830 ac
1669 3793 1824 3837 cura.
1856 3778 2016 3830 etiam
2074 3786 2226 3845 patre
2263 3778 2365 3829 im-

799 3870 953 3936 perio
986 3870 1162 3938 aptior
1196 3872 1546 3933 redderetur;
1605 3883 1826 3939 tumque
1883 3872 2067 3924 domui
2106 3871 2364 3939 przefecit,

801 3958 1061 4010 idoneum
1108 3959 1220 4024 jam
1270 3961 1360 4027 qui
1393 3975 1480 4013 res
1514 3961 1845 4013 domesticas
1875 3968 2163 4012 tutaretur.
2197 3960 2367 4013 Caete-

800 4062 919 4100 rum
956 4050 1098 4115 quod
1142 4050 1401 4117 deinceps
1430 4052 1679 4118 sequitur
1717 4066 1854 4119 quos
1906 4066 2021 4125 non
2054 4052 2279 4105 virtutis
2308 4051 2365 4102 ti-

798 4137 997 4205 tleique
1033 4140 1163 4193 lines
1208 4140 1450 4193 excedit?
1499 4140 1636 4194 Cum
1698 4142 1844 4195 enim
1898 4142 2135 4209 juvenis,
2170 4142 2367 4195 animo

797 4230 1027 4295 juvenili
1062 4244 1126 4284 ac
1172 4231 1313 4282 τοιοιὶ
1369 4246 1611 4295 congruo
1663 4242 1835 4296 esset;
1894 4234 2205 4299 nodumque
2262 4247 2365 4284 non

799 4330 1070 4389 quareret
1098 4336 1197 4389 pro
1228 4320 1508 4374 beneﬁciis
1540 4321 1739 4390 quibus
1774 4321 1961 4385 fuisset
1996 4322 2222 4374 aﬂ‘ectus
2245 4336 2367 4389 gra-

802 4412 931 4463 tiam
966 4411 1213 4472 reddere,
1249 4421 1306 4464 ut
1352 4411 1460 4479 jam
1513 4426 1731 4479 quoque.
1778 4412 2045 4479 correptis
2102 4410 2268 4463 armis
2316 4410 2366 4462 in

2463 3228 2611 3295 αὐτῷ
2642 3228 2963 3296 μαρτυρεῖν,
2996 3226 3140 3295 αὐτῷ
3163 3228 3205 3279 δ’
3230 3228 3391 3279 αὑτὸν
3415 3228 3672 3296 ὡμότητα
3704 3228 4037 3281 συνειδέναι.

2463 3322 2668 3388 Τοιγὰρ
2709 3320 2801 3373 καλ⁹
2833 3317 2956 3379 τοὺς
2984 3317 3176 3387 ἐκείνῳ
3205 3316 3406 3386 ταύτην
3435 3317 3730 3378 δεδωκότας
3763 3320 3859 3386 τὴν
3892 3319 4043 3385 γνώ-

2467 3431 2571 3480 μην
2600 3411 2698 3479 τῆς
2732 3411 3042 3479 συμὸουλῆς
3074 3409 3390 3469 ἐπαινέσας,
3424 3408 3514 3459 ἐπὶ
3544 3408 3653 3461 τῶν
3684 3409 4043 3475 πραγμάτων

2465 3504 2553 3554 καὶ
2572 3502 2730 3563 αὐτὸς
2754 3503 2811 3552 οὗ
2852 3502 3029 3568 μάτην
3056 3499 3324 3569 ἢλπικότα
3358 3499 3448 3550 τὸν
3481 3500 3569 3565 ἐχθ
3582 3502 3669 3565 ρον
3696 3499 3997 3551 ὰ”πεδείκνυ
4022 3515 4039 3529 ·

2466 3596 2560 3647 καὶ
2594 3594 2683 3645 τόν
2725 3610 2784 3644 τε
2828 3591 2993 3644 παῖδα
3046 3591 3262 3659 τρέφων
3312 3590 3445 3657 παρ’
3483 3590 3659 3657 ἑαυτῷ
3708 3589 4043 3656 φιλοτίμως,

2467 3684 2560 3737 καὶ
2587 3684 2685 3751 τῆς
2712 3685 2885 3751 ἀρχῆς
2918 3682 3009 3733 καὶ
3054 3681 3163 3732 τῶν
3193 3680 3385 3748 ὲκείνῳ
3417 3679 3778 3748 διαφερόντων
3829 3681 4043 3749 ἐπιμε-

2465 3776 2721 3842 λούμενος
2769 3774 3062 3839 διεγένετο,
3129 3772 3234 3833 ἒως
3291 3773 3494 3823 ἐκεῖνον
3547 3774 3608 3838 τῇ
3656 3770 3784 3838 παρ’
3829 3772 4041 3824 ἑαυτοῦ

2466 3868 2638 3935 τροφῇ
2674 3866 2764 3916 καὶ
2817 3865 3009 3933 μελέτῃ
3069 3864 3159 3916 καὶ
3191 3862 3284 3915 τοῦ
3322 3863 3524 3930 πατρὸς
3561 3862 3752 3929 βελτίω
3803 3862 3938 3930 πρὸς
3974 3864 4045 3915 τὸ

2468 3960 2651 4025 ἄρχειν
2679 3957 2951 4021 ἀπέδειξε,
2976 3957 3069 4008 καὶ
3099 3956 3216 4007 τότε
3242 3954 3341 4021 τῆς
3366 3954 3571 4015 οἰκείας
3597 3954 3815 4022 ἐφίστη,
3847 3954 4048 4007 ἰκανὸν

2469 4050 2759 4117 γενόμενον
2795 4046 2989 4108 σώζειν
3016 4048 3081 4098 τὰ
3118 4047 3276 4097 οῖκοι.
3313 4045 3383 4095 Τὸ
3412 4045 3457 4095 δ’
3489 4044 3687 4111 ἐφεξῆς
3719 4046 3870 4106 τίνας
3905 4047 4047 4114 ἀρε-

2470 4138 2564 4205 τῆς
2615 4140 2707 4189 καὶ
2744 4139 2980 4198 πίστεως
3029 4137 3187 4203 ὅρους
3236 4134 3333 4202 οὐχ
3388 4133 3743 4202 ὑπερδαίνει;
3776 4134 3881 4187 Τοῦ
3932 4139 4047 4205 γὰρ

2470 4230 2589 4280 νέου
2624 4228 3028 4296 συμϐαίνουσαν
3058 4227 3270 4295 ἔχοντος
3312 4227 3402 4277 καὶ
3433 4226 3530 4293 τὴν
3557 4225 3783 4295 γνώμην
3823 4216 3886 4295 τῇ
3924 4230 4048 4295 ήλι-

2471 4321 2585 4388 κία,
2622 4321 2714 4371 καὶ
2762 4317 2972 4371 τοσοῦτ’
3003 4318 3339 4384 ἀποσχόντος
3379 4311 3452 4369 ὧν
3485 4312 3543 4369 εὖ
3579 4317 3833 4369 πεπόνθει
3875 4320 4048 4387 χάριν

2474 4409 2655 4479 ζητεῖν
2680 4408 2994 4471 ἀποδοῦναι,
3024 4408 3153 4461 ὥστ’
3184 4408 3284 4477 ἠδη
3313 4409 3406 4459 καὶ
3428 4407 3496 4459 τὰ
3524 4407 3665 4459 ὅπλα
3691 4408 4045 4475 ἁρπάσαντα,

800 4517 924 4555 eum
962 4502 1301 4569 procederet,
1344 4501 1434 4569 qui
1478 4488 1646 4569 p‘atris
1679 4503 1881 4571 justius
1906 4517 2067 4570 quam
2100 4503 2356 4555 curatoris

2476 4502 2669 4568 χωρεῖν
2696 4500 2788 4551 ἐπὶ
2825 4498 2915 4551 τὸν
2944 4499 3277 4567 δικαιότερον
3313 4498 3377 4549 ἂν
3423 4496 3633 4563 πατέρα
3673 4495 3708 4565 ἢ
3741 4496 4049 4565 ἐπίτροπον

800 4590 1044 4641 omnium
1074 4589 1329 4658 son‘ragio
1364 4605 1561 4642 nomen
1604 4590 1865 4656 referret;
1906 4591 2013 4652 ille,
2058 4605 2155 4643 nec
2190 4590 2369 4643 illatas

800 4693 828 4730 a
862 4689 1015 4745 patre
1057 4681 1286 4747 injurias
1328 4682 1378 4733 in
1437 4683 1753 4735 memoriam
1809 4683 2106 4743 revocavit,
2161 4696 2259 4734 nec
2313 4681 2365 4733 in

796 4768 1017 4835 juvenis
1061 4769 1149 4822 illa
1201 4769 1414 4832 debria,
1451 4778 1508 4822 ut
1561 4786 1658 4839 par
1693 4780 1830 4836 erat,
1861 4780 1944 4823 est
1977 4772 2365 4835 exacerbatus;

801 4875 904 4914 nec
932 4861 1168 4930 denique
1196 4864 1304 4930 egit
1328 4862 1529 4931 gratias
1572 4861 1824 4925 fortunae,
1852 4864 2013 4917 dante
2037 4864 2153 4932 ejus
2181 4878 2365 4916 ansam

803 4952 1055 5017 stultitia,
1091 4964 1150 5006 ut
1196 4969 1293 5006 sua
1341 4954 1453 5021 ipse
1504 4969 1699 5021 eaque,
1735 4969 1831 5023 pro
1866 4954 2065 5023 quibus
2099 4962 2222 5006 ante
2271 4954 2369 5005 de-

804 5055 1157 5112 pugnaverat,
1194 5046 1491 5115 reciperet;
1533 5047 1664 5115 quin
1714 5048 1844 5109 imo,
1895 5048 2129 5100 mirabili
2183 5047 2370 5100 acces-

802 5141 955 5192 sione
1009 5140 1335 5208 principium
1373 5154 1592 5209 augere,
1642 5140 1785 5193 nulla
1822 5141 1937 5209 ipse
1964 5142 2067 5193 alia
2097 5140 2368 5202 mercede,

803 5246 964 5297 quam
992 5246 1185 5284 eorum
1224 5230 1317 5298 qui
1372 5230 1623 5299 injuriam
1676 5230 1869 5284 fecisse
1919 5230 2225 5285 videantur.
2282 5231 2372 5285 Sic

806 5335 938 5374 vero
967 5320 1132 5374 etiam
1186 5334 1305 5388 qua:
1348 5322 1517 5388 patris
1543 5332 1727 5375 essent
1759 5323 1813 5375 in
1846 5320 2247 5376 adolescentem
2279 5338 2371 5378 su-

810 5428 1001 5482 perare
1033 5413 1332 5476 contendit,
1379 5421 1437 5466 ut
1466 5412 1683 5482 quidem
1737 5423 1959 5482 paterna
2020 5415 2219 5483 majora
2254 5414 2371 5482 pie-

809 5514 918 5559 tate
970 5505 1166 5571 ferret;
1220 5505 1475 5573 velutque
1539 5503 1637 5573 pro
1696 5505 1851 5575 pueri
1906 5506 2198 5574 petulantia
2249 5521 2375 5559 eru—

808 5595 1039 5650 bescens
1067 5598 1205 5665 ipse,
1240 5612 1309 5649 ne
1345 5598 1469 5665 quis
1510 5599 1629 5667 ejus
1666 5613 1785 5652 eam
1837 5597 2238 5666 improbitatem
2275 5613 2375 5667 pu-

810 5687 1050 5751 tavisset,
1074 5688 1209 5744 alios
1239 5688 1459 5743 dicebat
1492 5690 1707 5759 juvenis
1752 5690 1994 5742 animum
2035 5689 2100 5743 ad
2133 5704 2195 5743 ea
2240 5690 2371 5741 inei-

809 5792 921 5832 tare
951 5796 965 5833 :
1002 5781 1255 5835 monebat
1283 5795 1409 5836 vero
1437 5791 1495 5835 ut
1531 5781 1700 5836 malos
1740 5780 2002 5847 ejusmodi
2033 5778 2374 5836 consiliarios

2472 4590 2575 4641 ὑπὸ
2606 4590 2825 4641 πάντων
2856 4588 3123 4657 κληθέντα
3145 4603 3158 4615 ·
3192 4588 3397 4649 ἐκεῖνος
3425 4582 3626 4639 οὗθ’ὥν
3664 4588 3769 4640 ὑπὸ
3796 4588 3891 4640 τοῦ
3930 4607 4045 4641 πα-

2472 4677 2597 4743 τρδς
2629 4677 2878 4744 ἠδίκητο,
2910 4674 3245 4742 ἀνεμνήσθη,
3295 4674 3415 4725 οὕτε
3448 4676 3584 4742 πρδς
3632 4676 3757 4737 τοὺς
3786 4675 3879 4729 τοῦ
3912 4676 4041 4731 νέου

2472 4768 2693 4837 λήρους,
2736 4768 2809 4827 ὼς
2840 4766 3007 4829 εἰκὸς,
3058 4766 3403 4834 παρωξύνθη,
3436 4765 3559 4818 οὔτε
3592 4764 3657 4834 τῇ
3703 4766 3841 4837 τύχῃ
3874 4770 4043 4837 χάριν

2473 4859 2633 4926 ἔγνω,
2664 4859 2758 4927 τῆς
2795 4859 3003 4910 ἐκείνου
3031 4857 3240 4925 μωρίας
3271 4856 3460 4925 καιρὸν
3495 4859 3920 4925 παρασχομένης
3954 4877 4043 4911 κο-

2477 4951 2736 5020 μίσασθαι
2767 4951 2863 5018 μὲν
2898 4949 2964 5001 τὰ
2992 4950 3164 5001 οἰκεῖα
3211 4950 3302 5001 καὶ
3333 4949 3474 5018 ὑπερ
3502 4940 3577 5000 ὧν
3619 4948 3884 5024 πρότερον
3915 4952 4043 5002 ἑπο-

2473 5045 2663 5112 λέμει·
2696 5042 2979 5109 θαυμαστῇ
3024 5042 3079 5093 δέ
3114 5059 3220 5094 τινι
3267 5039 3552 5109 προσθήκῃ
3599 5038 3698 5109 τὴν
3725 5038 3898 5108 ἀρχὴν
3944 5041 4043 5093 αὖ-

2476 5134 2659 5200 ξῆσαι,
2710 5132 3087 5201 προσλαὸόντα
3126 5133 3193 5185 τὰ
3240 5132 3347 5184 τῶν
3388 5129 3671 5199 ὑϐρικέναι
3701 5130 4035 5184 δοκούντων·

2475 5224 2591 5277 ἀλλ’
2631 5222 2775 5276 οὕτω
2826 5222 2919 5274 καὶ
2964 5225 3032 5276 τὰ
3069 5222 3162 5276 τοῦ
3209 5222 3414 5291 πατρὸς
3460 5220 3891 5291 ὑπερϐάλλεσθαι
3923 5226 4037 5286 τοῖς

2474 5319 2555 5376 εἰς
2580 5315 2670 5367 τὸν
2698 5315 2815 5365 νέον
2845 5314 3235 5389 ἐφιλονείκησε,
3282 5311 3411 5364 ὥστ’
3441 5312 3700 5381 ἠνέσχετο
3744 5311 3865 5380 μὲν,
3896 5313 4035 5365 ὅσων

2475 5408 2583 5460 οὐδ’
2605 5406 2671 5459 ἂν
2689 5406 2895 5469 ἐκεῖνος
2914 5424 2928 5439 ·
2960 5406 3149 5475 ὥσπερ
3180 5405 3224 5456 δ’
3252 5404 3389 5474 ὑπὲρ
3418 5398 3493 5458 ὧν
3518 5404 3841 5473 ἠσέλγαινεν
3865 5406 3893 5457 6
3912 5408 4043 5467 παῖς

2475 5500 2886 5569 αἰσχυνόμενος,
2929 5500 3001 5567 μή
3038 5515 3121 5560 τις
3159 5496 3322 5550 αὐτοῦ
3347 5497 3445 5568 τὴν
3476 5495 3877 5567 ἀγνωμοσύνην
3903 5500 4046 5549 ὲκεί-

2477 5611 2573 5660 νην
2599 5593 2814 5663 νομίσῃ,
2841 5591 3033 5651 ἄλλους
3059 5591 3239 5655 ἔλεγεν
3270 5584 3553 5649 εἶναιτοὺς
3576 5587 3736 5639 αὐτὸν
3759 5589 3853 5659 ἔπι
3873 5590 4045 5642 ταῦτα

2481 5684 2837 5751 κεκινηκότας
2864 5697 2878 5711 ⁸
2915 5680 3077 5732 αὑτὸν
3109 5680 3164 5733 δὲ
3192 5680 3423 5748 παρῄνει
3454 5680 3577 5739 τοὺς
3603 5680 3877 5747 πονηροὺς
3914 5694 4047 5747 συμ-

2483 5776 2705 5837 ϐούλους
2746 5776 3073 5845 μισήσαντα,
3122 5770 3229 5824 τῶν
3276 5767 3368 5821 τοῦ
3401 5767 3602 5838 πατρὸς
3646 5768 3929 5839 διαθηκῶν
3955 5773 4045 5823 καὶ
