4166 6330
184 319 303 381 993

1116 322 1399 383 ORATIO
1444 321 1590 383 PRO
1629 321 1987 381 SUBSIDIO
2028 323 2505 384 ιΑῖιΝΟιιυιι.

3327 326 3427 383 {:M

182 435 298 501 τῆς
327 428 459 500 παρ’
483 430 631 501 αύτῷ
659 432 908 496 παιδείας
943 432 1281 501 μεμνῆσθαι,
1304 433 1574 486 νουθετεῖν
1608 433 1766 500 ἐγνω-

1878 432 2080 485 habens
2115 434 2262 496 odio,
2318 433 2628 487 testamenti
2678 434 2846 502 patris
2910 449 2972 489 ac
3025 451 3244 503 nupera:
3300 440 3444 506 apud

186 524 314 585 κὼς
346 524 544 593 μᾶλλον
573 523 605 593 ἥ
644 524 921 592 πολεμεῖν.
958 524 1066 577 Καὶ
1096 524 1267 578 πολλά
1307 543 1389 588 τις
1419 526 1484 578 ἀν
1514 524 1626 595 ἔχοι
1658 541 1768 577 τοι·

186 615 340 673 αῦτα
364 618 471 667 τῶν
504 615 711 686 ἀνδρῶν
743 617 944 668 τούτων
969 615 1283 687 διηγήματα
1312 617 1508 685 λέγειν.
1551 617 1614 669 El
1656 616 1765 669 τοί⁸

188 725 294 758 νυν
326 708 554 769 καὶτοῖς
588 706 806 775 ἐχθροῖς
861 710 941 759 ὅτι
982 708 1143 776 μόνον
1186 709 1369 772 αὐτοῖς
1418 708 1765 771 ἐπίστευσαν,

187 799 412 865 ἀξιοῦσι
448 799 545 867 τὴν
574 801 745 870 ὀργὴν
778 798 1015 868 ἀφιέναι,
1068 800 1179 862 πῶς
1210 802 1271 853 οὐ
1308 803 1517 870 γελοῖον
1543 802 1766 863 τούτους

190 892 465 953 ἀπίστους
522 892 745 944 ἔσεσθαι
779 896 888 954 τοῖς
918 891 1088 960 φίλοις
1116 894 1393 962 νομίζειν;
1432 896 1525 947 καὶ
1574 896 1621 946 εί
1658 895 1766 945 τῶν

189 982 405 1035 ἀδικεῖν
428 984 519 1035 καὶ
550 986 905 1053 καταφρονεῖν
931 982 1230 1038 δοκούντων
1260 986 1565 1053 ἀνέχονται,
1591 984 1643 1036 τί
1667 986 1767 1037 ούκ

193 1073 264 1123 ἂν
300 1074 565 1143 πράξαιεν
592 1076 732 1142 ὑπὲρ
761 1075 867 1126 τῶν
894 1074 1145 1126 διδόντων
1187 1078 1281 1128 καὶ
1319 1076 1631 1143 δεομένων;
1675 1076 1767 1130 καῖ⁵

194 1164 248 1215 εί
287 1168 400 1226 τοῖς
445 1164 726 1232 πολεμίοις
780 1166 876 1228 τας
929 1168 1008 1227 είς
1060 1167 1255 1227 αὐτοὺς
1309 1166 1532 1229 ἐλπίδας
1572 1167 1765 1235 κυρίας

191 1254 410 1319 ἀξιοῦσι
443 1259 639 1319 ποιεῖν,
676 1243 791 1318 πῶς
822 1256 880 1308 ού
906 1258 996 1308 καὶ
1029 1257 1185 1308 πλέον
1214 1273 1265 1308 τι
1308 1260 1444 1326 πρὸς
1474 1256 1598 1319 τοὺς
1635 1274 1764 1325 συγ-

192 1348 377 1411 γενεῖς
420 1346 774 1410 ἐπιδείξονται
800 1366 813 1411 ;

288 1502 450 1576 ’Ᾰλλά
487 1522 595 1591 μὴν
617 1525 644 1575 ὃ
677 1540 732 1575 τε
760 1526 858 1593 τῆς
905 1526 1195 1595 στρατείας
1223 1528 1439 1595 ἐκείνης
1470 1529 1769 1597 ἡγούμενος

196 1615 429 1683 ἀνεψιός
470 1616 584 1667 ἑστι
613 1614 689 1685 τῷ
713 1616 844 1685 παρ’
879 1616 1011 1684 ἡμῖν
1040 1616 1271 1685 βασιλεῖ,
1298 1620 1391 1671 καὶ
1419 1622 1640 1681 πάππος
1666 1620 1770 1689 ἀμ-

194 1706 323 1771 φοῖν
353 1700 419 1774 ἦν
440 1707 467 1757 ὁ
494 1706 571 1775 τῷ
595 1708 693 1777 βίῳ
725 1708 843 1770 δοθις
872 1708 929 1759 τὸ
956 1707 1274 1777 θαυμαστὸν
1298 1712 1471 1762 ἐκεῖνο
1497 1710 1766 1779 διήγημα.

1874 524 2051 591 ipsum
2090 523 2435 579 educationis
2488 525 2857 587 meminisset;
2897 524 3194 579 admonere
3228 526 3444 588 doctus.

1872 630 1977 667 non
2023 615 2219 667 leiium
2255 615 2478 669 inferre.
2514 612 2806 683 Possitque
2835 616 2955 680 quis
2985 617 3254 686 ejusmodi
3290 622 3445 688 plura

1869 706 1937 756 ab
1968 705 2033 756 iis
2063 716 2215 774 gesta
2250 720 2496 763 mum.
2523 705 2810 775 Siquidem
2832 722 2961 777 ergo
2981 708 3145 767 etiam
3176 711 3442 776 hostibus,

1866 810 1933 848 eo
1961 797 2105 863 quad
2141 796 2271 860 ipsis
2314 797 2631 851 litbnissent
2686 799 2870 859 fidem,
2927 800 3285 855 remittendas
3336 804 3451 858 iras

1872 894 2233 955 putaverunt;
2287 888 2386 957 qul
2442 903 2551 941 non
2598 888 2912 948 ridiculum,
2953 898 3011 942 ut
3059 889 3446 947 ﬁdem.amic's

1872 980 2123 1034 violaturi
2172 981 2498 1045 credantur;
2550 996 2785 1053 cmnque
2836 998 2931 1036 eos
2983 984 3443 1057 sustineant,.qni

1872 1073 2065 1141 injuria
2101 1072 2313 1126 aﬂicere
2361 1087 2423 1125 ac
2462 1082 2817 1127 contemnere
2863 1074 3137 1138 \identur,
3169 1076 3297 1145 quid
3337 1094 3385 1130 ιιι
3411 1096 3443 1131 ιι

1872 1161 2313 1218 l'ccerinteorum
2364 1167 2558 1235 gratia,
2595 1168 2688 1231 qui
2734 1176 2788 1219 et
2833 1166 3103 1229 tribuunt,
3143 1180 3193 1221 et
3243 1172 3447 1223 auxilio

1871 1253 2061 1307 adesse
2116 1259 2441 1323 precantur?
2492 1256 2626 1309 Cum
2690 1257 2927 1325 denique
2986 1259 3239 1325 hostibus
3300 1271 3447 1316 ratas

1870 1345 2311 1410 exspectationes
2339 1347 2529 1407 velint,
2564 1348 2655 1415 qui
2697 1363 2804 1400 non
2831 1347 3006 1416 majus
3025 1348 3232 1418 aliquid
3253 1352 3449 1405 adver-

1873 1449 1966 1486 sus
2006 1444 2266 1503 mgnatos
2296 1436 2403 1487 sint
2430 1435 2805 1506 designaturi?

1941 1526 2256 1590 Enimvero,
2294 1528 2383 1593 qui
2422 1528 2495 1580 illi
2537 1528 2803 1582 exercitui
2850 1528 2961 1584 dux
3000 1530 3284 1599 praefectus
3339 1542 3442 1591 est.

1871 1617 2228 1670 consobrinus
2252 1630 2325 1671 est
2353 1620 2519 1673 nostri
2556 1620 2899 1688 imperatoris
2918 1623 2996 1692 (5)
3024 1641 3035 1674 :
3062 1623 3271 1692 fuitque
3307 1636 3447 1680 utr.-

1871 1724 1975 1777 que
2002 1725 2136 1762 avus
2179 1713 2269 1777 qui
2309 1712 2611 1765 mirabilem
2661 1727 2778 1766 eam
2812 1713 3095 1767 historiam
3127 1716 3327 1770 saeculo
3356 1731 3444 1769 re-

195 1795 326 1858 Πῶς
356 1795 447 1848 οὖν
481 1798 507 1848 ὁ
542 1799 641 1866 μὲν
676 1798 925 1863 ἀνέξεται
952 1801 1045 1853 καὶ
1076 1800 1228 1853 ταῦτ’
1262 1803 1339 1863 εἰς
1380 1802 1583 1871 ἀρετῆς
1613 1802 1766 1869 λόγον

1872 1798 2046 1865 liquit.
2083 1800 2367 1861 Quomodo
2400 1802 2602 1867 itaque.
2640 1818 2761 1854 cum
2804 1802 2890 1856 ille
2924 1804 3059 1856 adeo
3091 1820 3118 1856 a
3175 1806 3444 1873 majorum

196 1887 312 1938 τῶν
340 1890 617 1957 προγόνων
662 1890 1079 1959 ἀπολειφθῆναι,
1114 1892 1205 1943 καὶ
1246 1893 1341 1961 τὴν
1371 1893 1576 1961 ἐτέρων
1612 1895 1769 1943 πλεο-

194 1977 382 2041 νεξίαν
423 1981 769 2048 μιμήσασθαι
803 2022 818 2045 ,
850 1980 969 2044 ἐξὸν
999 1982 1095 2051 τὴν
1150 1982 1354 2035 οἰκείαν
1396 1982 1766 2051 δικαιοσύνην,

194 2071 228 2121 ὁ
260 2069 305 2120 δ’
342 2070 668 2122 ὑποπτεύσει
702 2071 792 2123 τὸν
827 2071 1086 2139 συγγενῆ,
1122 2071 1181 2123 ὃν
1210 2072 1241 2139 ἡ
1279 2072 1532 2125 κοινωνία
1558 2072 1650 2124 τοῦ
1684 2073 1770 2138 γέ-

196 2177 329 2221 νους
391 2163 677 2230 συμφορὰν
735 2162 1035 2228 ἀναγκάζει
1090 2162 1363 2215 ποιεῖσθαι
1413 2164 1482 2215 τὰ
1527 2164 1769 2232 ἡμέτερα

197 2250 351 2319 πάθη
376 2270 389 2313 ;
418 2254 594 2314 Ὀλως
627 2254 683 2305 δὲ
726 2255 1021 2323 Ῥωμαίοις
1064 2256 1171 2321 πρὸ
1221 2255 1397 2325 πάσης
1443 2254 1607 2325 ἄλλης
1642 2256 1768 2323 ἀρε-

197 2341 366 2410 τῆςή
428 2341 778 2413 δικαιοσύνη·
813 2345 904 2397 καὶ
950 2344 1200 2413 δηλοῦσιν
1229 2346 1278 2396 oi
1344 2346 1515 2414 νόμοι,
1568 2348 1658 2398 καὶ
1703 2347 1769 2409 ἃς

198 2433 492 2487 ἀπαιτοῦσι
524 2434 678 2497 δίκας
717 2436 838 2497 τοὺς
866 2436 1067 2487 ἀδικεῖν
1098 2436 1425 2503 ἐγνωκότας.
1457 2438 1528 2487 Τὸ
1570 2437 1613 2488 δ“
1640 2439 1768 2489 άπι-

196 2543 327 2579 στον
366 2524 503 2579 εἶναι
555 2527 681 2594 παρ’
733 2527 933 2589 αὐτοῖς,
985 2530 1076 2578 καὶ
1109 2528 1226 2596 μετ’
1267 2530 1483 2595 ἀπάτης
1537 2528 1768 2597 χρῆσθαι

194 2620 313 2681 τοῖς
352 2619 621 2688 χρήμασι,
650 2620 790 2680 τίνος
820 2620 917 2670 οὐκ
956 2620 1304 2689 αἰσχρότερον
1338 2618 1567 2689 βρόχου;
1602 2620 1654 2670 οῖ
1706 2636 1767 2687 γε

200 2707 330 2776 μηδ’
357 2709 413 2759 ὲν
444 2710 554 2771 τδῖς
608 2708 748 2777 ὑπὲρ
778 2708 887 2761 τῶν
915 2710 1049 2762 ὅλων
1085 2710 1361 2779 πολέμοις,
1393 2709 1488 2768 καὶ
1517 2702 1577 2761 οὗ
1616 2710 1768 2777 νόμι-

199 2810 305 2862 μον
336 2796 569 2856 ἀπάταις
597 2796 830 2865 χρῆσθαι
860 2798 981 2857 τοὺς
1010 2798 1352 2865 στρατηγοὺς
1382 2799 1475 2849 καὶ
1506 2798 1770 2866 σοφίσμα-

200 2900 293 2935 σιν
316 2923 330 2947 ,
364 2883 470 2935 οὐδ’
501 2887 618 2937 ἐκεῖ
671 2884 951 2953 βούλονται
1009 2886 1145 2950 μετά
1172 2885 1265 2937 τοῦ
1320 2885 1546 2953 ψεύδους
1574 2888 1731 2954 νικᾷν
1752 2901 1765 2915 '

196 2974 338 3028 ἀ).λά
369 2974 720 3042 προειπόντες
753 2975 831 3036 ὼς
874 2974 1085 3044 ἥξουσι,
1143 2977 1238 3029 καὶ
1277 2976 1401 3037 τοὺς
1443 2976 1640 3036 τόπους
1676 2976 1768 3028 καὶ

198 3070 329 3129 τοὺς
371 3069 596 3139 χρόνους
632 3069 969 3139 κηρύξαντες
1017 3087 1297 3140 αντικρυς,
1330 3068 1501 3131 οὕτως
1534 3070 1612 3131 είς
1668 3073 1768 3138 τὴν

199 3131 812 3231 μάχην-’καθίστανταινο
842 3164 941 3234 τὴν
970 3163 1091 3233 μετ’
1132 3131 1332 3234 ἀρετῆς
1360 3158 1529 3233 ἧτταν
1564 3162 1656 3215 τοῦ
1693 3131 1768 3215 νι-
1796 3131 1839 3193 C

199 3254 305 3322 κᾷν
338 3252 577 3321 ἀγεννῶς
611 3254 836 3323 ἀνδράσι
877 3255 1078 3324 μᾶλλον
1108 3256 1408 3324 προσήκειν
1436 3253 1765 3322 νομίζοντες.

202 3343 332 3396 Hdt‘
359 3343 451 3396 οὖν
479 3346 829 3415 ἀπατήσουσι
863 3344 1296 3417 συμμαχοῦντες,
1323 3345 1376 3398 οῖ
1398 3362 1460 3413 γε
1498 3345 1631 3415 μηδὲ
1659 3362 1766 3413 μα-

196 3437 424 3504 χόμενοι
484 3438 756 3504 χρήσιμον
784 3436 1079 3489 οἴονταιτὸ
1127 3436 1357 3505 ψεῦδος;
1407 3434 1546 3502 Ἐγὼ
1596 3437 1768 3489 δὲκαὶ

194 3524 358 3578 τοῦτο
390 3523 598 3594 ἀπορῶ,
632 3529 679 3577 εί
732 3525 924 3596 παρὼν
954 3526 1049 3581 νῦν
1077 3529 1106 3580 ὀ
1154 3528 1405 3598 βασιλεὺς
1438 3518 1551 3591 τοῖς
1588 3528 1766 3597 πράγ-

201 3630 370 3684 μασιν
425 3615 607 3685 ἔτυχε,
652 3617 772 3669 τίνα
820 3619 885 3671 ἀν
916 3614 1068 3671 εἷπον
1101 3621 1147 3672 οι
1173 3620 1265 3672 νῦν
1304 3620 1477 3673 ταῦτα
1535 3620 1767 3689 δημηγο-

199 3706 446 3773 ροῦντες.
479 3706 543 3758 El.
576 3707 675 3775 μὲν
702 3708 810 3777 γάρ
840 3710 1091 3761 κάκεῖνον
1119 3709 1390 3771 ἐκέλευον,
1420 3707 1511 3771 οὒς
1539 3709 1765 3762 ἐκάλεσε

198 3798 553 3866 συμμάχους,
587 3798 797 3860 τούτοις
848 3797 1049 3851 κλείειν
1076 3800 1176 3862 τὰς
1204 3800 1303 3868 τῆς
1332 3800 1539 3861 πόλεως
1569 3801 1762 3863 πύλας,

195 3889 301 3941 οὔκ
334 3884 431 3940 οἷδ’
465 3887 661 3940 ὁπόθεν
710 3888 858 3958 αὐτῷ
896 3893 1194 3959 προσήκειν
1240 3889 1400 3942 τοῦτο
1444 3890 1670 3962 τοῦργον
1701 3893 1763 3961 ἡ-

198 3977 447 4044 γοῦνται.
491 3977 659 4045 Δῆλον
694 3977 802 4045 γάρ
832 3978 907 4041 ὡς
942 3979 1094 4031 οὐδὲν
1144 3976 1220 4033 ὦν
1271 3979 1518 4033 ἐλθοῦσιν
1572 3981 1766 4049 ὑπισχο

196 4070 365 4130 νιῖτο,
395 4068 637 4135 τηρῆσαι
688 4069 1069 4122 συνεϐούλευον
1104 4070 1169 4123 ἄν
1192 4083 1204 4098 ⁶
1240 4072 1335 4123 καὶ
1364 4069 1518 4125 ταῦτ’
1560 4072 1660 4123 οὐκ
1706 4070 1764 4133 ἐξ

194 4156 473 4224 ἀνάγκης,
505 4156 622 4208 ἀλλ’
654 4157 909 4226 ἐπίτηδες
942 4160 1035 4221 ἐπ).
1055 4158 1153 4227 τὴν
1173 4160 1389 4226 ἀπάτην
1432 4158 1673 4214 ἐλθόντα.
1704 4160 1764 4210 Et

192 4247 254 4299 δὲ
287 4246 540 4315 δέχεσθαι
592 4247 813 4308 τούτους
856 4248 1148 4317 παρῄνουν,
1192 4249 1309 4311 πῶς
1361 4250 1422 4301 οὐ
1484 4248 1640 4301 τοῦτο
1674 4250 1765 4301 καὶ

194 4335 291 4388 νῦν
326 4334 472 4385 ῖσασι
501 4334 591 4385 τὸν
625 4335 819 4401 καιρὸν
844 4336 1197 4389 ἀπαιτοῦντα.
1226 4338 1300 4389 Οὐ
1345 4337 1656 4405 γάρδήπου
1688 4334 1765 4405 τῷ

1872 1889 2142 1941 sustineat
2175 1890 2405 1943 deficere
2440 1893 2663 1954 virtute,
2712 1908 2774 1947 ac
2818 1894 3047 1947 aliorum
3096 1896 3297 1948 imitari
3340 1897 3445 1949 im-

1873 1980 2097 2047 probam
2132 1982 2483 2049 cupiditatem
2529 2000 2651 2037 cum
2691 1986 3044 2039 domesticam
3075 1986 3237 2041 liccat
3275 1990 3442 2057 justi-

1873 2071 2037 2133 tiam;
2092 2083 2205 2124 tum
2245 2073 2331 2125 hic
2358 2084 2647 2142 cognatum
2676 2086 2992 2144 suspectum
3026 2077 3241 2138 habeat,
3279 2095 3366 2145 qui
3390 2095 3442 2133 m

1871 2163 2181 2214 communio
2225 2165 2439 2231 generis
2468 2167 2602 2218 mala
2637 2176 2822 2219 nostra
2879 2181 3033 2220 suam
3087 2168 3255 2235 ipsius
3301 2170 3448 2223 cala-

1873 2252 2114 2304 mitatem
2184 2251 2385 2306 ducere
2445 2254 2573 2307 facit
2607 2256 2627 2307 ?
2660 2255 2894 2310 Omnino
2949 2266 3130 2311 autem
3194 2260 3446 2326 Itoniani,

1871 2342 2017 2395 omni
2042 2344 2147 2396 alia
2182 2344 2484 2412 impensius
2527 2347 2749 2407 virtute,
2794 2347 3060 2412 justitiam
3114 2349 3324 2412 colunt,
3382 2365 3444 2402 ac

1876 2444 2145 2488 testantur
2177 2436 2342 2504 leges,
2388 2452 2633 2505 quasque
2682 2440 2906 2507 exigunt
2965 2455 3173 2506 pmnas,
3222 2441 3290 2493 ab
3355 2442 3441 2501 iis,

1871 2526 1962 2594 qui
2004 2525 2256 2595 injuriam
2296 2526 2521 2581 faciunt.
2563 2529 2747 2581 Datain
2787 2539 2966 2583 autem
3001 2532 3209 2583 violare
3258 2531 3442 2592 ﬁdem,

1872 2618 2148 2685 rebusque
2193 2618 2419 2685 agendis
2452 2619 2774 2687 deceptione
2821 2622 2922 2680 uti,
2951 2636 3060 2688 quo
3101 2636 3209 2673 non
3247 2622 3445 2691 laqueo

1873 2704 2087 2771 turpius
2136 2704 2377 2757 habent?
2420 2708 2514 2774 qui
2568 2722 2743 2775 neque
2788 2708 2843 2761 in
2897 2708 3075 2771 bellis,
3119 2712 3321 2777 quibus
3351 2714 3445 2764 de-

1870 2804 2127 2847 cernatur
2156 2794 2222 2847 de
2254 2810 2433 2848 rerum
2464 2812 2697 2857 summa,
2726 2814 2786 2851 ac
2809 2798 3009 2866 quibus
3055 2800 3171 2868 lege
3219 2814 3443 2853 conces-

1858 2874 2013 2947 sum,
2047 2896 2107 2937 ut
2148 2885 2318 2940 duces
2364 2884 2689 2954 deceptione
2748 2898 2970 2942 utantur
3016 2905 3079 2942 ac
3134 2888 3440 2953 fraudibus,

1872 2974 2214 3027 mendacium
2263 2974 2508 3028 subsidio
2549 2976 2890 3040 adhibentes,
2928 2979 3148 3032 vincere
3202 2981 3369 3032 velint
3426 2998 3443 3035 :

1869 3065 2000 3134 quin
2039 3064 2148 3117 imo
2174 3066 2604 3134 pracnuntiantes
2658 3073 2714 3118 ut
2764 3065 2874 3119 sint
2924 3067 3161 3132 venturi,
3216 3069 3441 3138 locaque

1870 3174 1932 3213 ac
1979 3170 2224 3227 tempora
2267 3158 2635 3227 designantes,
2673 3158 2750 3211 sic
2812 3148 3013 3211 bellum
3060 3158 3439 3220 committant;

1870 3250 2063 3315 decere
2094 3250 2262 3319 magis
2288 3250 2435 3303 viros
2466 3249 2862 3312 existimantes,
2896 3265 3018 3303 cum
3046 3250 3246 3303 virtute
3271 3249 3438 3312 vinci,

1868 3354 2028 3406 quam
2074 3338 2264 3408 ignave
2314 3354 2614 3407 parumque
2672 3338 2907 3392 viriliter
2963 3338 3193 3390 victoria
3247 3336 3436 3405 potiri.

1866 3427 2220 3493 Quandonam
2255 3443 2383 3497 ergo
2422 3428 2546 3482 belli
2601 3443 2659 3483 se
2713 3428 2894 3481 socios
2950 3426 3202 3496 professi,
3247 3426 3441 3497 decep-

1870 3521 1976 3571 turi
2011 3528 2160 3581 sunt,
2188 3521 2280 3589 qui
2313 3535 2380 3573 ne
2422 3519 2562 3572 bello
2603 3518 2823 3586 quidem
2861 3532 2982 3571 cum
3031 3516 3280 3570 iiOstibus
3312 3532 3341 3569 e
3375 3532 3433 3569 re

1868 3616 2057 3675 putent
2091 3608 2345 3660 mentiri?
2395 3608 2659 3676 Equidem
2694 3608 2796 3660 hoc
2847 3621 3063 3675 quoque
3102 3620 3307 3673 quam,
3360 3605 3437 3658 si-

1867 3698 2083 3766 quidem
2119 3698 2233 3765 ipse
2262 3713 2498 3765 praesens
2531 3698 2830 3764 imperator
2860 3697 3237 3751 deliberationi
3277 3696 3437 3749 ades-

1866 3799 1968 3853 set,
2021 3803 2270 3856 quzenatn
2317 3788 2559 3857 pra-clari
2626 3788 2679 3839 hi
2750 3802 2897 3840 nunc
2952 3793 3197 3840 oratores
3252 3796 3435 3839 essent

1867 3879 2102 3932 dicturi?
2154 3878 2294 3932 Sane
2346 3886 2497 3931 utet
2546 3878 2695 3931 illum
2728 3879 3001 3947 juberent,
3052 3878 3204 3931 urbis
3249 3885 3435 3946 portas

1866 3970 2120 4025 claudere
2161 3970 2250 4033 iis,
2309 3984 2449 4035 quos
2514 3969 2639 4023 belli
2689 3969 2870 4023 socios
2925 3968 3227 4028 ascivisset,
3284 3967 3432 4020 haud

1864 4060 1977 4115 scio
2003 4060 2146 4113 unde
2186 4076 2298 4114 rem
2342 4059 2610 4113 facturum
2646 4068 2857 4130 putent,
2896 4075 3016 4128 quae
3058 4060 3299 4113 deceret.
3338 4058 3400 4115 ι..

1864 4163 1993 4220 quet
2022 4154 2169 4205 enim
2215 4160 2469 4205 auctores
2498 4151 2635 4213 fore,
2670 4159 2728 4203 ut
2764 4152 2899 4204 nihil
2938 4167 3127 4204 eorum
3161 4166 3430 4213 servate,

1864 4258 1983 4311 quae
2019 4242 2361 4295 venientibus
2398 4253 2541 4295 esset
2600 4243 2896 4310 pollicitus;
2949 4251 3114 4308 atque
3172 4241 3224 4294 id
3275 4241 3425 4294 nulia

1864 4345 2089 4405 cogente
2130 4336 2474 4396 necessitate.
2523 4334 2616 4387 sed
2679 4338 2810 4387 'cum
2858 4332 2981 4387 data
3053 4347 3219 4401 opera
3278 4331 3429 4385 fratr-

195 4426 299 4493 μὲν
331 4424 543 4493 βασιλεῖ
590 4427 759 4477 ποιεῖν
806 4426 876 4477 τι
925 4426 1112 4480 δέοντα
1156 4426 1452 4479 δώσουσιν·
1484 4428 1668 4491 αὐτοῖς
1702 4428 1757 4479 δὲ

1868 4428 1986 4483 dem
2029 4428 2249 4481 faceret.
2292 4426 2385 4479 Sin
2423 4436 2603 4480 autem
2647 4436 2936 4480 monerent
2984 4433 3041 4478 ut
3082 4426 3205 4479 illos
3255 4424 3432 4477 susci-

191 4515 495 4582 φυλάξουσι
522 4508 619 4584 τὴν
646 4516 999 4585 ἀναισθησίαν
1020 4533 1047 4549 ’ν
1063 4518 1157 4571 καὶ
1180 4518 1297 4571 τότε
1327 4519 1426 4588 μὲν
1450 4518 1754 4587 ἀληθεύειν,

188 4607 291 4658 νῦν
322 4608 378 4657 δὲ
440 4605 732 4673 ψεύδεσθαι
789 4609 1035 4677 νομιοῦσι
1082 4610 1358 4681 προσῆκον
1450 4612 1543 4665 καὶ
1584 4610 1757 4664 ταῦτα

196 4697 367 4767 μηδὲν
396 4698 681 4766 μέλλοντες
706 4702 771 4751 ὲκ
808 4700 909 4769 τῆς
961 4701 1239 4770 ἀγχινοίας
1282 4703 1489 4774 ταύτης
1546 4704 1758 4774 κερδαί-

164 4804 352 4857 ,νεινι

1863 4527 2035 4589 petet.
2074 4520 2169 4586 qui
2219 4532 2327 4570 non
2399 4517 2451 4571 id
2491 4533 2707 4585 quoque
2755 4516 2915 4569 modo
2974 4531 3152 4584 opera:
3192 4514 3429 4583 pretium

1862 4608 2206 4679 intelligunt?
2254 4608 2365 4663 Nec
2427 4608 2571 4662 enim
2636 4608 2816 4661 daturi
2884 4615 3045 4667 sunt,
3111 4606 3428 4673 Imperatori

1862 4695 2081 4767 quidem
2131 4714 2452 4767 congruere,
2495 4714 2613 4767 que
2662 4698 2921 4759 deceant;
2960 4695 3063 4750 sibi
3096 4705 3277 4749 autem
3316 4710 3432 4747 ser-

1865 4790 2038 4844 vaturi
2063 4788 2538 4843 insensibilitatem
2566 4805 2579 4839 :
2607 4803 2669 4840 ac
2699 4796 2831 4841 tunc
2862 4787 3107 4855 quidem,
3140 4785 3423 4837 colendam

1864 4884 2191 4943 veritatem,
2261 4879 2424 4932 modo
2486 4890 2666 4931 autem
2719 4876 3059 4930 mendacium
3123 4874 3426 4944 putabunt;

1866 4974 2048 5044 idque,
2068 4985 2193 5026 cum
2219 4983 2283 5024 ex
2299 4984 2363 5024 ea
2380 4968 2621 5024 versutia
2640 4968 2777 5023 nihil
2800 4968 2870 5025 sit
2891 4966 3026 5021 lucri
3058 4978 3428 5019 accessurum.

1446 5205 1544 5263 Fr.
1585 5199 1945 5264 Combeﬁsii
1980 5208 2162 5261 notae.

264 5374 343 5439 (3)
383 5372 545 5428 Forte
589 5386 654 5425 ex
708 5370 907 5425 familia
955 5370 1283 5425 marchionis
1348 5368 1753 5434 Montisl'errati,

183 5442 495 5512 eujusglilia
533 5441 688 5501 lreoe
735 5441 1046 5495 Andronico
1093 5440 1395 5508 Paleologo
1438 5440 1641 5506 nupsit,
1687 5454 1754 5512 ex

234 5510 305 5563 u‘o
336 5510 479 5563 ﬁlios
509 5519 618 5564 tres
649 5512 910 5577 suscepit,
945 5526 1009 5563 ex
1036 5524 1265 5577 quorum
1293 5519 1577 5577 stemmate
1609 5510 1753 5577 regla

234 5528 305 5563 uo
336 5528 479 5563 unos
509 5528 618 5564 tres
649 5528 910 5577 suscepit,
945 5528 1009 5563 ex
1036 5528 1265 5577 quorum
1293 5528 1577 5563 Stemmate
1609 5528 1750 5575 regia

186 5528 619 5647 galatilogorum
654 5580 847 5633 domus
869 5580 1125 5647 deinceps
1157 5586 1447 5647 propagata
1476 5576 1595 5628 fuit.
1631 5576 1750 5647 Vid.

185 5646 515 5715 Gregoram,
548 5648 642 5700 lib.
673 5664 722 5701 vr
759 5657 812 5701 et
846 5664 937 5701 ru.
964 5646 1100 5711 Quin
1129 5646 1182 5699 et
1220 5646 1643 5712 Palu-elegorum
1678 5646 1755 5699 fa-

190 5714 401 5769 miliam
436 5731 499 5770 ex
528 5715 677 5769 Italia
724 5732 783 5770 ac
819 5715 1055 5771 Viterbio
1109 5716 1335 5770 Etruriae
1388 5714 1604 5768 civitate
1646 5730 1753 5767 non

1857 5370 2080 5437 ignobili
2107 5367 2371 5437 originem
2420 5367 2670 5430 traxisse,
2722 5363 3003 5437 nonnullis
3040 5362 3233 5430 placet,
3275 5364 3419 5430 quod

1858 5430 2018 5490 d'occt
2066 5430 2307 5497 Bizarus,
2353 5437 2492 5490 libro
2538 5452 2554 5490 ι
2606 5436 2681 5487 De
2721 5433 2853 5487 bello
2894 5430 3084 5485 Veneto
3120 5449 3137 5485 :
3169 5440 3260 5485 sed
3320 5438 3422 5499 [ne

1860 5512 2125 5561 remotius
2159 5505 2418 5569 arbitror,
2469 5520 2630 5573 quam
2667 5513 2726 5557 ut
2768 5502 3075 5573 Demetrius
3118 5516 3185 5554 eo
3234 5516 3419 5568 reape-

1859 5576 2018 5648 aerit,
2057 5592 2119 5630 ac
2145 5577 2301 5648 ducis
2355 5571 2670 5648 Latinorum
2720 5571 2947 5648 subsidii
3002 5571 3422 5648 Cra-eorumque

1861 5646 2205 5711 imperatoris
2234 5644 2764 5713 consanguinitatent
2808 5642 2930 5694 inde
2952 5642 3205 5707 petit-nt.
