4166 6330
305 351 434 414 Ιτὶοὶ

1198 350 1478 415 ORATIO
1514 348 1667 409 PRO
1703 345 2061 407 SUBSlDlO
2102 347 2577 409 LATINUBUM.

3354 352 3498 417 1002

303 466 397 515 καὶ
433 463 571 515 τοῦτ’
617 463 692 516 ὢν
748 468 808 515 τὸ
857 462 1117 532 μέγιστον
1165 464 1261 515 καὶ
1304 461 1599 524 θειότατον,
1633 460 1726 512 καὶ
1751 474 1853 510 πα-

1958 456 2267 511 del‘uuctum
2310 459 2547 526 praemiis
2586 460 2874 515 honorare.
2924 460 3021 515 Sin
3065 470 3264 526 autem,
3298 476 3419 517 cum
3445 472 3506 518 et

301 557 478 625 τρῷον
513 557 651 624 εχων
688 555 891 624 σχῆμα,
924 552 1096 605 ἔπειθ’
1129 552 1265 622 ὑπὲρ
1290 552 1448 620 ἡμῶν
1479 549 1690 602 δεῖσθαι
1722 547 1853 609 τοὺς

304 646 613 715 βιρϐἀρους
676 646 775 697 οὐκ
826 643 1013 696 ὤκνει·
1062 641 1252 696 τούτου
1288 641 1419 708 γάρ,
1447 639 1636 692 τούτου
1692 637 1852 707 μόνον

304 739 415 790 οὐδ’
446 738 509 790 ἂν
545 736 731 804 ἕτερον
761 734 1161 804 ἐπαχθέστερον
1202 731 1365 784 πάθοι
1412 729 1549 800 ἀνὴρ
1578 728 1852 789 τοσούτοις

306 826 512 888 εἰωθὼς
543 826 867 879 ἐπιτάττεινο
903 825 1018 885 πῶς
1056 824 1118 875 ού
1158 819 1607 891 παρελευσόμεθα
1635 819 1730 870 καὶ
1756 818 1854 885 τὴν

303 918 414 970 τῶν
468 917 757 986 βαρϐάρων
805 916 1088 982 ὡμότητα,
1122 916 1171 965 εί
1222 911 1463 979 βελτίους
1506 912 1564 961 ἐν
1623 908 1854 972 ἐκείνοις

304 1011 466 1078 ἔσχεν
492 1009 729 1070 ἐλπίδας.
762 1005 838 1059 ὧν
882 1007 1040 1075 ἡμεῖς
1070 1001 1445 1069 ἐπιδειξόμεθα
1478 1001 1635 1065 τότες
1691 998 1856 1052 Ἐκείο

303 1114 429 1159 νους
460 1098 555 1166 μέν
580 1096 688 1164 γὰρ
730 1094 916 1161 φίλους
946 1094 1087 1158 ἕξειν
1124 1091 1390 1159 ἐνόμισεν,
1418 1089 1559 1141 ὥστε
1591 1089 1688 1140 καὶ
1720 1104 1857 1154 συμ-

306 1188 507 1255 μαχεῖν
540 1202 553 1215 ·
589 1185 723 1252 ἡμῖν
763 1184 817 1235 δέ
864 1182 1041 1248 δεινήν
1071 1198 1189 1233 τινα
1222 1181 1321 1244 τὴν
1351 1177 1548 1247 ἔχθραν
1578 1178 1645 1229 τά
1685 1192 1855 1243 πρατ-

303 1277 510 1346 τόμενα
564 1274 922 1344 μαρτυρήσει.
986 1273 1046 1326 El.
1112 1272 1155 1323 δ’
1207 1269 1424 1330 ἀσεϐεῖς
1478 1268 1573 1320 καὶ
1630 1266 1855 1334 μιαροὺς

305 1369 644 1436 ἡγησάμενοι
677 1366 805 1429 τοὺς
850 1364 970 1417 τότε
1014 1360 1170 1415 ταῦτ’
1204 1360 1272 1413 ἂν
1309 1358 1687 1427 τολμήσοντας
1719 1374 1857 1423 συμ-

306 1458 603 1521 ϐουλεύειν,
648 1455 765 1524 μετ’
812 1453 1087 1523 εὐφημίας
1132 1452 1226 1504 καὶ
1276 1450 1505 1517 κρότων,
1563 1447 1746 1517 ὥσπερ
1781 1446 1857 1497 δίο

306 1568 481 1614 καιον,
516 1550 857 1618 ἐπανήκοντα
895 1546 986 1599 τὸν
1028 1544 1249 1614 βασιλέα
1282 1541 1592 1609 δεχοίμεθα,
1629 1540 1857 1608 πότερον

305 1642 405 1694 καὶ
448 1640 573 1701 τοὺς
605 1638 925 1708 συμμάχους
972 1634 1335 1688 συνεισελθεῖν
1385 1631 1533 1701 αὐτῷ
1573 1630 1855 1698 συγχωρή-

310 1746 507 1798 σομεν⁶
550 1732 583 1797 ἢ
644 1731 780 1797 πρὸς
824 1728 920 1795 μὲν
971 1727 1175 1779 ἐκεῖνον
1227 1720 1854 1792 φιλανθρωπευσόμεθα,

308 1822 538 1874 ἐκείνων
573 1821 628 1873 δὲ
671 1819 733 1873 τὸ
774 1820 953 1872 πεδίον
982 1819 1156 1879 ἔσται,
1189 1817 1281 1868 καὶ
1311 1816 1344 1881 ἡ
1374 1812 1732 1880 ταλαιπωρία,
1758 1809 1854 1860 καὶ

306 1913 577 1981 στήσομεν
626 1913 751 1973 τοὺς
799 1911 1077 1980 εἴρξοντας
1133 1906 1328 1967 αὐτοὺς
1377 1903 1484 1957 τῶν
1532 1901 1753 1961 πυλῶν;
1792 1900 1852 1951 lli

308 2000 410 2069 μὲν
453 2000 563 2069 γὰρ
604 2000 730 2068 πρὶν
764 1999 937 2051 ἐλθεῖν
983 1996 1361 2067 ὁμονοοῦντας,
1392 1990 1624 2047 ἐνταῦθα
1665 1991 1855 2057 ἀφικο-

310 2094 507 2162 μένους
564 2091 758 2151 αύτοὺς
807 2089 1161 2157 διαιρήσομεν
1185 2101 1198 2115 ⁸
1240 2087 1336 2138 καὶ
1363 2159 1381 2173 .
1405 2082 1572 2173 όῃμέν
1634 2081 1713 2173 ἐνᾼ
1742 2081 1854 2173 τοῖς

306 2180 558 2233 εἰωθόσιν
610 2178 685 2241 ὡς
718 2178 982 2246 ἡμέτερος
1015 2176 1165 2228 ἐσται
1196 2213 1211 2239 ,
1253 2168 1381 2235 τοὺς
1430 2172 1474 2225 δ’
1515 2172 1589 2232 ὼς
1628 2168 1854 2238 ἐχθροὺς

307 2270 663 2339 ὑποψόμεθα,
710 2269 801 2321 καὶ
839 2267 974 2336 μήτε
1024 2266 1243 2334 στέγης,
1304 2264 1439 2333 μήτε
1494 2262 1602 2314 τῶν
1655 2262 1717 2312 ἐκ
1761 2260 1860 2328 τῆς

276 2362 515 2429 Δἀγορᾶς
550 2359 730 2421 αὐτοῖς
772 2355 1158 2427 μεταδώσομεν
1188 2370 1202 2384 ·
1260 2354 1360 2406 οὐκ
1404 2350 1517 2405 οἴδα
1547 2352 1705 2403 τίνων
1752 2367 1860 2401 τοι-

307 2450 481 2517 αύτης
542 2447 826 2518 ἀρξάντων
898 2442 1334 2515 ἀπανθρωπίας,
1410 2442 1649 2503 ἐκείνους
1712 2440 1858 2509 ἡμᾶς

309 2538 509 2606 ζηλοῦν
554 2538 799 2607 δόξομεν.
840 2534 1218 2611 ³’1Ξ·ιτειτίοι’δδν
1259 2537 1288 2588 ὁ
1320 2528 1686 2603 βασθκεὺςΛν
1730 2522 1860 2597 ἐφυ-

310 2630 530 2694 λάξαντ’
565 2630 631 2683 ἂν
668 2630 868 2691 πάντες
922 2626 1367 2697 εὐγνωμοσύνην,
1420 2623 1625 2691 ταύτην
1684 2619 1861 2690 ἐαυτῷ

312 2723 615 2790 προσήκειν
666 2721 937 2789 ἡγήσεται
957 2734 973 2751 ·
1030 2718 1125 2771 καὶ
1151 2716 1246 2781 οὒς
1280 2715 1627 2785 θαυμασταῖς
1656 2711 1866 2765 ἐλπίσιν

312 2814 525 2882 ἐπάρας
562 2811 708 2880 δεῦρ’
759 2813 954 2880 ἧγαγε,
1017 2811 1239 2872 τούτους
1294 2808 1550 2874 ἐξαίφνης
1589 2804 1867 2857 ἀπολιπεῖν

316 2903 604 2972 μονονουχὶ
648 2903 782 2954 πᾶσι
819 2901 1177 2971 κηρύξοντας,
1226 2898 1303 2961 ὡς
1355 2899 1424 2949 τὰ
1468 2895 1559 2948 τοῦ
1604 2893 1869 2963 βασιλέως

310 2993 469 3046 οὐδὲν
497 2992 584 3063 ἀρ’
605 2988 695 3062 ἦν,
725 2991 862 3061 πλὴν
892 2991 1098 3059 ἀπάτη.

1953 544 2246 599 maximum
2306 545 2439 599 illud
2489 560 2552 601 ac
2607 548 3007 601 divinissimnm
3061 561 3223 612 esset,
3272 551 3501 621 iureque

1951 645 2176 704 paterno
2200 635 2481 705 imperium
2514 648 2744 699 teneret,
2776 638 2945 691 nostri
2975 641 3315 706 postmodum
3341 653 3501 693 causa

1953 740 2021 780 ne
2048 725 2314 780 Barbaros
2364 726 2581 795 qu'dem
2623 729 2807 781 renuit
2852 727 3183 795 obsecrare;
3235 745 3365 783 nam’
3402 731 3505 784 hac

1953 814 2067 882 ipsa
2117 829 2200 877 re,
2250 813 2387 868 nihil
2439 814 2729 884 quidquam
2791 816 3069 870 moleSIius
3106 818 3336 881 accidat,
3390 818 3506 871 viro

1956 914 2063 958 tam
2106 904 2294 959 multis
2330 905 2489 959 solito
2531 906 2836 974 imperare:
2883 908 3155 974 quomodo
3185 908 3365 975 itaque
3395 922 3503 962 non

1955 994 2124 1063 ipsam
2160 995 2518 1050 Barbarorum
2547 1012 2735 1051 sumus
2760 998 3070 1061 superaturi
3104 998 3503 1057 crudelitatem.

1957 1085 2221 1153 siquidem
2255 1087 2478 1141 meliora
2527 1088 2614 1143 ille
2643 1090 2711 1143 de
2741 1089 2852 1141 illis
2898 1088 3162 1157 speravit,
3211 1103 3369 1157 quam
3404 1086 3506 1155 ipsi

1957 1183 2084 1228 tunc
2127 1175 2297 1228 simus
2339 1175 2659 1230 exhibituri.
2716 1179 2933 1231 Putavit
2980 1177 3197 1248 quidem
3255 1177 3333 1231 sic
3388 1178 3509 1231 illos

1954 1264 2157 1320 amicos
2210 1263 2348 1328 fore,
2381 1274 2442 1319 ut
2488 1274 2543 1321 et
2594 1267 2719 1322 belli
2767 1268 3084 1321 societatem
3142 1268 3375 1331 inirent;
3410 1282 3508 1321 nos

1955 1369 2089 1409 vero
2117 1354 2185 1409 iis
2216 1370 2337 1423 qua:
2365 1356 2789 1424 designabimus,
2825 1372 2984 1425 grave
3020 1358 3291 1425 quoddam
3322 1359 3507 1412 odium

1957 1446 2221 1515 proditori
2253 1462 2462 1501 sumus.
2493 1448 2587 1502 Sin
2613 1464 2745 1503 vero
2772 1449 2971 1503 impios
3003 1463 3066 1502 ac
3098 1450 3387 1503 sceleratos
3416 1464 3509 1503 eos

1957 1539 2232 1602 arbitrari,
2274 1539 2366 1605 qui
2427 1549 2555 1592 tunc
2600 1541 2867 1609 ejusmodi
2913 1540 3116 1605 aliquid
3164 1538 3364 1591 fuerint
3394 1540 3511 1594 ausi

1959 1628 2263 1693 consulere,
2319 1628 2574 1683 laudibus
2620 1644 2685 1682 ac
2735 1634 2950 1689 plausu,
2985 1630 3062 1682 uti
3112 1629 3268 1698 plane
3317 1630 3511 1683 merito

1961 1716 2136 1777 decet,
2166 1724 2525 1771 revertentem
2558 1718 2940 1786 imperaturem
2972 1733 3161 1772 sumus
3185 1720 3510 1787 suscepturi.

1960 1821 2141 1861 nonne
2170 1816 2225 1861 et
2272 1806 2450 1860 socios
2490 1820 2593 1860 una
2627 1822 2747 1860 eum
2784 1820 2852 1859 eo
2898 1806 3110 1875 ingredi
3159 1808 3348 1860 urbem
3388 1824 3514 1875 per-

1962 1897 2274 1961 mittemus;
2314 1912 2379 1950 an
2423 1898 2606 1966 potius
2635 1897 2969 1953 humanitate
2996 1897 3050 1949 in
3081 1913 3203 1951 eum
3236 1900 3337 1961 usi,
3366 1915 3512 1951 eam-

1960 2001 2085 2055 pum
2110 1987 2215 2041 illis
2240 2001 2301 2040 ac
2327 1986 2598 2042 miseriam
2628 1988 3023 2051 relinquemus,
3054 1988 3513 2059 praefieiemusque

1961 2078 2053 2147 qui
2101 2087 2284 2145 portas
2331 2078 2397 2130 ad
2442 2093 2533 2132 eos
2580 2068 2847 2135 arcendos
2884 2079 3233 2149 custodiant?
3272 2079 3424 2144 Quod
3467 2080 3511 2133 si

1961 2167 2259 2221 concordes
2306 2167 2423 2219 illos
2467 2168 2781 2236 priusquam
2827 2168 3224 2235 ingrediantur,
3269 2170 3357 2223 ubi
3404 2171 3511 2239 jam

1960 2261 2226 2325 venerint.
2250 2256 2622 2311 discernamus
2650 2302 2653 2305 .
2689 2260 2755 2309 ac
2775 2258 2889 2323 ipse
2913 2258 3132 2325 quidem
3161 2259 3305 2313 velut
3331 2268 3513 2313 noster

1959 2364 2022 2402 ac
2062 2349 2415 2412 domesticus,
2477 2360 2773 2409 consuetos
2834 2348 3032 2403 habeat
3082 2350 3347 2415 honores;
3396 2350 3516 2404 illes

1960 2447 2139 2492 autem
2187 2453 2287 2493 ceu
2353 2438 2558 2503 hostes,
2610 2447 2896 2506 suspectos
2934 2439 3265 2501 habeamus,
3314 2454 3517 2509 eosque

1962 2542 2136 2596 neque
2190 2537 2353 2589 tecto,
2421 2542 2594 2597 neque
2650 2528 2774 2580 foro
2831 2527 3115 2583 donandos
3169 2528 3517 2589 arbitremur.

1963 2617 2105 2671 haud
2159 2617 2317 2686 plane
2361 2618 2512 2681 novi,
2567 2616 2700 2679 quid
2748 2616 2870 2672 illos
2916 2617 2970 2671 in
3006 2618 3166 2672 nobis
3207 2618 3519 2673 laudaturos

1962 2717 2237 2778 putemus,
2265 2708 2375 2789 .qui
2410 2708 2477 2762 ab
2511 2708 2848 2769 immanitate
2896 2708 3165 2776 ejusmodi
3218 2709 3513 2763 ordiamur.

1950 2798 2231 2859 Praeterea
2263 2808 2331 2852 ne
2383 2798 2495 2867 ipse
2536 2796 2758 2863 quidem
2794 2799 3113 2866 imperator,
3146 2815 3305 2868 quam
3330 2816 3519 2855 omnes

1964 2888 2305 2944 servaverint
2338 2890 2793 2951 benevolenutam,
2830 2888 2931 2943 sibi
2953 2904 3246 2959 congruam
3275 2892 3517 2959 putabit;

1969 2991 2133 3050 utque
2161 2996 2254 3036 eos
2276 2996 2415 3059 quos
2440 2980 2745 3049 magnificis
2778 2980 3251 3036 sollicitationibus
3280 2982 3330 3035 in
3367 2997 3517 3053 spem

313 3087 555 3156 erigens,
598 3087 707 3141 huc
749 3086 985 3151 duxerit,
1025 3085 1205 3141 statim
1233 3083 1596 3152 derelinquat,
1637 3080 1723 3135 vix
1786 3089 1893 3132 non
1934 3075 2134 3145 ubique
2169 3076 2410 3145 gentium
2450 3078 2861 3159 praedicatores,
2927 3072 3263 3142 imperatoris
3304 3089 3518 3129 omnem

314 3179 759 3248 negotiationem,
790 3175 995 3231 fraudis
1026 3177 1236 3231 larvam
1268 3175 1456 3229 fuisse.

390 3278 498 3331 Καὶ
537 3278 643 3346 μὴν
676 3275 787 3328 οὐδ’
832 3268 904 3328 ὧν
970 3273 1131 3347 εἵνεκ’
1161 3272 1658 3339 ἀναισχυντήσομεν
1710 3264 1860 3336 εὖροι

2035 3244 2176 3318 Sane
2230 3277 2297 3318 ne
2336 3277 2578 3332 quorum
2624 3264 2846 3329 quidem
2880 3253 3052 3331 gratia
3102 3264 3515 3333 proterviamus.

315 3382 404 3428 τις
438 3367 524 3420 ἀν.
564 3366 625 3418 El
665 3365 763 3435 μὲν
809 3365 916 3433 γὰρ
960 3363 1054 3417 τοῦ
1089 3362 1350 3431 πολέμου.
1377 3358 1473 3413 καὶ
1513 3360 1729 3412 πάντων
1755 3355 1864 3409 τῶν

284 3455 484 3508 ἐἵνεκ’
507 3456 700 3517 αὐτοὺς
738 3455 878 3526 δεῦρ’
907 3455 1188 3526 ἠγάγομεν
1220 3450 1661 3521 ἐξειργασμένων
1707 3449 1862 3517 ἡμῖν,

318 3546 448 3607 τοὺς
497 3544 815 3614 συμμάχους
867 3544 1123 3614 ἠξιοῦμεν
1171 3542 1623 3617 προπηλακίζειν,
1670 3540 1770 3591 οὐκ
1802 3537 1865 3590 ἂν

316 3635 573 3721 τοσοῦτον
604 3630 716 3705 εἶχε
774 3636 1017 3690 κίνδυνον
1082 3638 1113 3705 ἡ
1180 3634 1506 3703 ἀχαριστίαο
1544 3633 1593 3684 εί
1646 3632 1703 3682 δὲ
1760 3630 1867 3721 των

315 3719 524 3793 ὁμοίων
581 3727 900 3793 ἐφεστώτων
956 3727 1163 3788 κακῶν,
1231 3723 1497 3791 ἀνομοίως
1544 3723 1703 3789 ἡμεῖς
1756 3719 1865 3779 τοῖς

320 3817 497 3883 φίλοις
528 3817 821 3878 καλοῦντες
846 3818 942 3869 καὶ
973 3816 1250 3885 δεχόμενοι
1286 3809 1734 3883 προσφερόμεθα,
1770 3812 1865 3875 οὐχ

318 3908 432 3977 ὁρῶ
468 3909 563 3973 τάς
592 3909 809 3972 ἐλπίδας
840 3909 939 3977 τῆς
962 3908 1217 3975 τοιαύτης
1245 3903 1618 3973 καινοτομίας.
1654 3901 1729 3953 Οὐ
1760 3900 1865 3969 γὰρ

320 3997 415 4049 ἵνα
469 3997 627 4065 μόνον
669 3996 829 4050 δεινοί
884 4013 1028 4058 τινες
1080 3995 1405 4062 κακουργεῖν
1435 3993 1528 4045 καὶ
1558 3990 1867 4058 φενακίζειν

317 4086 587 4155 δοκῶμεν,
625 4086 1099 4158 περιεργαζόμεθα
1120 4085 1329 4150 “ita;
1364 4087 1526 4136 Ἄνευ
1558 4081 1614 4133 δὲ
1640 4080 1867 4144 τούτων,

319 4173 378 4225 τί
414 4176 531 4226 ποτ’
559 4175 754 4237 αὐτοὺς
799 4176 1239 4244 ἐξαπατηθέντας
1297 4172 1388 4224 καὶ
1432 4169 1642 4237 γέλωτα
1702 4168 1866 4218 πᾶσιν

318 4258 620 4328 δφλοντας,
665 4260 844 4313 οἴεσθε
888 4259 1142 4328 δράσεινς
1175 4256 1554 4319 Καθεδεῖσθαι,
1596 4255 1691 4306 καὶ
1739 4252 1865 4321 παρ’

320 4351 537 4412 ἑαυτοῖς
587 4349 729 4412 ἕξειν
762 4348 837 4401 τὼ
886 4351 1054 4419 χεῖρε,
1087 4347 1181 4399 καὶ
1212 4344 1501 4416 δεήσεσθαι
1536 4342 1867 4411 συγγνώμην

319 4442 508 4503 αὐτοῖς
550 4440 714 4510 ἐχειν,
755 4434 831 4495 ὧν
868 4440 1266 4509 ἐξηπάτηνται;
1320 4437 1433 4508 Οὐχ
1478 4436 1619 4489 οὕτω
1650 4436 1865 4503 φιλοσο-

321 4532 446 4597 φεῖν
470 4530 765 4598 ἐγνώκασι,
802 4532 899 4584 καὶ¹
947 4527 1121 4599 θυμοῦ
1160 4533 1402 4598 κρατεῖν.
1457 4529 1656 4581 Λοιπὸν
1688 4527 1865 4579 τοίνυν

1965 3353 2118 3407 facile
2161 3354 2282 3422 quis
2338 3356 2598 3409 inveniat.
2658 3354 2788 3407 Nam
2848 3366 2905 3408 ut
2968 3356 3112 3412 bello
3163 3356 3400 3425 quidem,
3455 3371 3519 3409 ac

1965 3458 2195 3514 quorum
2251 3458 2410 3498 causa
2464 3446 2641 3497 socios
2694 3442 3035 3511 adduximus,
3095 3446 3384 3523 confectis,
3435 3446 3519 3499 eis

1967 3536 2229 3590 vellemus
2264 3536 2509 3591 illudcre.
2558 3535 2699 3588 haud
2735 3544 2941 3590 tantum
2982 3537 3175 3607 ingrati
3216 3539 3307 3592 illa
3350 3537 3515 3591 animi

1967 3627 2113 3681 labes
2144 3629 2445 3696 perieulum
2482 3630 2725 3683 haberet.
2764 3628 2855 3681 Sin
2884 3639 3062 3683 autem
3092 3630 3277 3685 iisdem
3308 3633 3530 3684 instana

1968 3717 2112 3770 tibus
2152 3718 2457 3779 malispalia
2492 3728 2703 3783 altaque
2738 3706 2948 3771 ratione
2977 3719 3231 3775 vocandis
3257 3736 3318 3773 ac
3342 3721 3516 3774 susci-

1966 3809 2178 3875 piendis
2206 3810 2394 3865 amicis
2422 3811 2706 3871 habt-mus,
2730 3824 2835 3861 non
2868 3808 3026 3863 video
3052 3811 3182 3879 quid
3209 3826 3270 3864 ea
3302 3812 3515 3865 novitas
3554 3858 3567 3863 -

1965 3897 2078 3964 spei
2112 3896 2325 3951 habeat.
2362 3898 2499 3951 Num
2537 3899 2681 3967 enim
2717 3900 2891 3953 solum
2927 3910 2984 3953 ut
3028 3902 3254 3955 subtiles
3292 3902 3513 3970 quidam

1968 3988 2292 4041 consuendis
2332 3988 2615 4044 fraudibus
2660 4005 2723 4044 ac
2757 3990 2937 4045 dando
2985 3991 3149 4049 verba
3193 3994 3511 4058 videamur,

1968 4078 2046 4131 sic
2096 4078 2195 4131 ista
2227 4079 2395 4132 anxie
2443 4080 2693 4147 agimus?
2740 4080 3028 4144 Praeterea,
3084 4085 3215 4152 quid
3260 4086 3515 4153 deceptos

1968 4166 2110 4229 illos,
2152 4167 2507 4248 omniumque
2550 4167 2720 4223 factos
2750 4170 3006 4236 fabulam,
3038 4174 3373 4239 praestituros
3414 4193 3515 4245 pu-

1968 4259 2129 4313 tatis?
2168 4259 2300 4313 Fors
2342 4275 2608 4327 sessuros,
2653 4278 2715 4315 ac
2746 4263 2887 4331 apud
2934 4281 2992 4319 se
3026 4267 3362 4324 cohibituros
3395 4286 3511 4325 ma-

1970 4364 2096 4410 nus,
2124 4353 2443 4419 veniamque
2487 4366 2583 4419 pro
2612 4352 2800 4407 fraude
2842 4354 2969 4422 ipsis
3006 4356 3147 4410 facta
3188 4363 3515 4429 rogaturus?

1966 4438 2161 4493 Verum
2193 4440 2332 4494 haud
2368 4442 2443 4496 illi
2480 4443 2551 4496 ita
2588 4442 2958 4513 phiIOSOphari
2991 4456 3285 4512 noverunt,
3330 4465 3393 4503 ac
3422 4451 3515 4505 ira:
3572 4490 3573 4495 η

1968 4526 2255 4583 dominari.
2314 4530 2573 4600 Superest
2625 4548 2755 4602 ergo
2805 4545 2861 4588 ut
2919 4535 2995 4589 illi
3050 4539 3267 4605 quidem
3329 4556 3515 4593 muros

321 4621 570 4681 ἐκείνους
611 4620 711 4687 μὶν
739 4620 846 4673 τῶν
877 4636 937 4672 τε
963 4618 1159 4688 τειχῶν
1203 4617 1515 4687 πειρᾶσθαι,
1560 4620 1655 4671 καὶ
1696 4634 1861 4685 μηχα-

1971 4626 2200 4682 lentent,
2236 4630 2397 4690 atque
2429 4622 2506 4675 eis
2544 4621 2866 4677 admoveant
2908 4627 3223 4693 machinas;
3259 4645 3357 4684 nos
3386 4646 3516 4685 vero

324 4707 544 4774 νήματα
600 4706 810 4768 τούτοις
865 4707 1199 4775 προσάγειν,
1241 4706 1387 4771 ἡμᾶς
1441 4703 1496 4755 δὲ
1547 4702 1864 4771 ἀντέχεσθαι

322 4797 433 4848 τῶν
482 4798 546 4847 ἐκ
594 4799 691 4866 τῆς
725 4797 1041 4863 πολιορκίας
1070 4795 1273 4847 κακῶν.
1322 4796 1483 4845 ’Δνευ
1530 4792 1638 4860 γὰρ
1664 4792 1865 4845 τούτων

324 4889 463 4957 πρὸς
490 4886 639 4939 οὐδὲν
675 4887 860 4955 ἕτερον
902 4887 1091 4955 ἀρκεῖν
1141 4901 1231 4953 μοι
1278 4884 1502 4935 δοκεῖτε.
1532 4882 1590 4934 Εί
1632 4882 1688 4934 δέ
1719 4880 1865 4933 τοῦθ’

326 4978 461 5045 ἡμῖν
481 4973 737 5043 φορητὸν,
768 4972 819 5024 τί
846 4975 957 5032 τοῖς
980 4970 1250 5039 πανταχοὸ
1282 4969 1593 5037 δυναμένοις
1613 4967 1867 5035 πρέσϐεις

322 5066 463 5131 ὑπὲρ
498 5062 812 5132 συμμαχίας
859 5061 1167 5129 πέμποντες
1203 5060 1466 5127 ἐνοχλεῖτε
1495 5098 1508 5122 ,
1542 5058 1657 5119 ἐξὸν
1704 5072 1868 5109 κατα⁶

323 5155 676 5215 κλεισθέντας
712 5152 822 5205 ὑπό
852 5152 957 5204 τῶν
998 5151 1285 5220 βαρδάρων
1325 5147 1761 5218 πολιορκεῖσθαιξς
1790 5146 1864 5201 Οὐ

324 5239 434 5310 γάρ
464 5240 637 5307 ἔγωγε
670 5242 779 5311 ὁρῶ
837 5242 998 5294 τίνων
1028 5242 1171 5310 ἡμᾶς
1193 5238 1592 5300 ἀπαλλάξουσιν
1627 5237 1867 5296 ἐλθόντες

328 5333 381 5383 oi
411 5329 708 5399 σύμμαχοι,
744 5333 896 5385 ὁπόθ’
932 5334 1145 5393 ἑκόντες
1200 5328 1439 5399 αἱρεῖσθε
1490 5329 1557 5381 τὰ
1596 5328 1864 5397 χείριστα.

327 5419 515 5481 Οὕτως
536 5422 635 5472 οὐκ
672 5421 820 5475 ἐστιν
856 5424 1036 5493 εὑρεῖν
1069 5423 1205 5490 ὑπὲρ
1241 5422 1360 5473 ὅτου
1402 5420 1526 5480 τοὺς
1559 5420 1694 5486 μετὰ
1723 5419 1871 5486 βασι-

329 5509 466 5572 λέως
492 5510 718 5577 ἥξοντας
746 5511 807 5563 οὐ
835 5513 1210 5581 προσδέξεσθε.
1248 5513 1308 5564 Εἰ
1348 5512 1391 5563 δ’
1425 5512 1738 5580 ἀνθρώπινα
1780 5511 1871 5561 καὶ

329 5600 512 5654 δίκαια
575 5602 959 5668 λογισάμενοι,
1005 5604 1301 5673 στεφανοῦν
1358 5602 1457 5670 μὲν
1514 5604 1698 5654 εἵνεκα
1764 5602 1870 5655 τῶν

335 5690 478 5761 ὑπὲρ
514 5693 668 5760 ἡμῶν
718 5696 1106 5759 πεπονημένων
1143 5697 1233 5747 τὸν
1274 5693 1494 5763 βασιλέα
1526 5692 1870 5763 βουλήσεσθε,

569 5790 830 5853 Ρλτιπιοι.
871 5792 983 5853 Gn.
1026 5791 1214 5854 CLIV.

1970 4710 2203 4765 obsessae
2225 4712 2373 4765 urbis
2418 4712 2654 4766 feramus
2691 4713 3052 4768 incommoda.
3094 4718 3317 4787 Insuper
3347 4721 3513 4783 enim,

1972 4802 2105 4855 nihil
2150 4816 2244 4855 vos
2292 4803 2433 4855 aliud
2470 4817 2624 4869 posse
2670 4806 2937 4858 existimo.
2988 4808 3139 4873 Quod
3177 4810 3220 4863 si
3268 4826 3329 4863 ea
3364 4812 3517 4866 vobis

1972 4905 2057 4943 res
2111 4889 2326 4942 ferenda
2386 4890 2620 4955 videtur,
2661 4902 2715 4946 ut
2773 4894 2903 4962 quid
2954 4896 3153 4963 ubique
3210 4902 3517 4966 potentibus

1971 4974 2300 5026 destinantes
2341 4976 2539 5041 legatos
2585 4978 2675 5043 qui
2722 4980 2772 5029 in
2816 4978 2943 5031 belli
2998 4982 3309 5035 societatem
3357 4985 3513 5036 indu-

1972 5072 2113 5123 cant,
2154 5064 2427 5131 negotium
2470 5065 2667 5132 facitis,
2707 5083 2830 5122 cum
2880 5069 3038 5125 liceat
3066 5073 3214 5126 urbis
3247 5075 3517 5127 mmnibus

1973 5153 2255 5206 conclusos
2323 5154 2683 5210 Barbarorum
2751 5160 3037 5215 obsidione
3099 5164 3310 5230 premi?
3364 5164 3513 5217 [laud

1974 5244 2116 5296 enim
2162 5258 2288 5297 sane
2331 5246 2524 5309 video,
2575 5264 2683 5317 quo
2718 5265 2817 5303 nos
2870 5251 3011 5303 malo
3066 5253 3342 5305 venientes
3385 5255 3517 5307 socii

1972 5332 2204 5387 liberare
2234 5335 2487 5401 habeant,
2520 5354 2643 5393 cum
2674 5350 2867 5407 sponte
2910 5339 3141 5407 pessima
3182 5344 3512 5409 praeoptetis.

1977 5423 2149 5491 Atque
2176 5427 2308 5478 adeo
2334 5428 2469 5480 nihil
2500 5443 2673 5481 causae
2708 5428 2809 5481 erit
2838 5444 2933 5481 cur
2964 5439 3374 5483 venturoscum
3413 5432 3519 5483 im-

1943 5526 2221 5582 peratore
2254 5533 2358 5569 non
2401 5520 2727 5587 suscipiatis.
2765 5519 2857 5573 Sin
2910 5530 3089 5577 autem
3116 5537 3235 5589 quae
3290 5523 3522 5575 humana

1977 5614 2101 5658 sunt
2144 5622 2202 5659 ac
2241 5608 2377 5676 juris
2418 5611 2733 5677 cogitantes,
2778 5614 3159 5683 imperatorem
3198 5611 3415 5675 quidem
3452 5612 3522 5664 ob

1978 5707 2260 5764 susceptos
2306 5700 2476 5753 nostri
2517 5715 2679 5759 causa
2708 5703 2921 5779 labores
2953 5699 3326 5755 coronandum
3369 5709 3523 5769 puta-

3099 5796 3176 5853 32
