4166 6330
100 490 243 552 MSS

1041 506 1321 570 ORATIO
1361 511 1509 572 I'Rl)
1550 518 1900 579 SUBSIDIU
1945 526 2408 592 LATINORUM.

3191 548 3325 616 1006

104 605 166 656 τὸ
196 604 340 664 δέος*
376 610 467 661 καὶ
488 608 777 676 δεσπόται,
810 615 1007 668 δούλων
1039 619 1234 680 αὐτοὺς
1265 620 1616 688 ἀποδράντων
1636 664 1651 685 ,

106 694 256 724 ιη’.-.ιὶ
286 698 385 724 -‘_..
414 699 632 724 1..-!_._.__
664 704 702 724 1,
729 704 799 724 _,\
821 723 826 724 ,
896 706 953 724 ρο
1081 723 1084 724 ,
1192 710 1204 724 ο
1376 711 1436 724 nu
1479 713 1518 724 --
1544 714 1585 724 -.

1704 630 1727 683 ι
1758 628 1941 685 litibus
1962 631 2220 701 impetum
2240 638 2402 692 timor
2427 641 2739 708 retardavit;
2763 646 3096 718 dominique,
3115 651 3321 724 iugien.

105 694 261 749 αὑτοὶ
286 698 385 767 τὴν
413 699 633 754 ἐκείνων
659 704 1113 774 ἀντιλαμϐάνουσι
1143 710 1335 778 τύχην.
1376 711 1449 763 Τὸ
1474 713 1518 765 δ’
1540 714 1660 766 ὅλον

106 784 294 853 σχῆμα
330 789 427 854 τῆς
453 790 658 853 πόλεως
679 794 866 861 ὁρᾶται
894 794 978 848 διὰ
1010 797 1229 850 πάντων
1256 800 1524 869 ἁμειφθὲν
1554 802 1663 854 ὦσι

102 888 211 941 περ
243 872 301 925 ἐν
346 875 570 928 πένθει’
608 879 809 943 πάντες
861 881 1042 952 δὲτὴν
1086 885 1190 937 τῶν
1231 888 1414 939 κακῶν
1446 890 1661 943 σύνοδον

102 962 473 1031 ἐκπλαγέντες
497 1007 513 1033 ,
551 967 902 1037 ἀπώκνησαν.
932 973 1040 1025 Καὶ
1068 972 1095 1026 δ
1140 976 1265 1037 τοὺς
1294 976 1415 1029 νοῦν
1444 978 1664 1047 ἔχοντας

102 1056 405 1117 κατασείει,
436 1058 517 1111 ὅτι
549 1060 645 1112 καὶ
683 1062 791 1115 τῶν
822 1065 1254 1136 πολιτευομένων
1283 1069 1467 1123 πολλοὶ
1518 1070 1661 1125 οὕτω

99 1146 406 1213 χειροήθεις
447 1150 544 1211 τὰς
589 1153 816 1221 γνώμας
846 1157 1153 1224 γεγόνασιν,
1191 1160 1265 1222 ὡς
1309 1161 1452 1230 ἔχειν
1479 1180 1530 1216 τι
1568 1168 1661 1218 καλ⁸

98 1236 265 1287 καλὸν
282 1236 479 1304 λέγειν,
502 1240 598 1310 τὴν
617 1242 720 1295 ὑπὸ
738 1248 844 1309 τοῖς
860 1244 1151 1317 βαρϐάροις
1172 1250 1373 1312 τούτοις
1395 1253 1658 1321 δουλείαν,

97 1327 193 1391 καὶ
222 1328 349 1388 τοὺς
382 1327 685 1397 Ῥωμαίους
712 1332 986 1404 βαρύτερα
1006 1338 1330 1395 ἐπιτάττειν.
1368 1342 1528 1395 Ὥστε
1565 1346 1660 1397 καὶ

94 1418 349 1482 φανερῶς
375 1420 462 1471 ἐπ’
489 1421 731 1485 ἐκείνους
766 1426 1127 1496 ἀποδημοῦσι,
1154 1432 1251 1483 καὶ
1284 1435 1478 1502 ρητούς
1510 1453 1658 1500 τινας

96 1510 326 1571 ἐκείνοις
354 1511 555 1566 σύνεισι
586 1516 837 1583 χρόνους’
859 1519 952 1570 καὶ
975 1518 1241 1587 πρόϐατα,
1270 1525 1362 1574 καὶ
1387 1522 1532 1592 βοῦς,
1564 1526 1657 1577 καὶ

96 1594 315 1656 ἵππους,
348 1599 440 1649 καὶ
466 1598 725 1669 ἀργύρια,
750 1604 977 1670 μισθοὺς
1006 1605 1189 1674 ἔχουσι
1220 1609 1317 1677 τῆς
1343 1611 1500 1680 ἡμῶν
1527 1629 1657 1681 προ-

90 1682 273 1746 δοσίας
288 1701 302 1716 ⁸
328 1688 421 1739 καὶ
450 1691 803 1758 συμπίνοντες
828 1695 1079 1759 ἐκείνοις,
1099 1698 1197 1766 τὴν
1216 1700 1489 1768 ἡμετέραν
1508 1704 1654 1756 ἀπώ-

89 1772 239 1825 λειαν
272 1776 455 1844 ᾅδουσι
476 1794 488 1806 '
532 1782 626 1832 καὶ
653 1781 751 1851 τὴν
793 1783 887 1837 τοῦ
918 1784 1087 1848 δεῖνος
1130 1790 1326 1855 οίκίαν,
1358 1793 1390 1860 ἢ
1422 1792 1518 1862 τὴν
1556 1795 1652 1861 τῆς

90 1866 348 1928 γυναικὸς
380 1864 551 1934 ὥραν,
581 1869 611 1937 ἢ
642 1870 741 1939 τὴν
767 1874 971 1927 παίδων
1002 1876 1231 1940 ἐκείνοις
1261 1883 1614 1948 προπίνουσιν
1634 1902 1647 1914 ’

89 1950 337 2017 εὔχονται
383 1955 438 2005 δὲ
465 1956 619 2040 εταρά
657 1960 837 2025 σφίσιν
865 1961 991 2014 ἰδεῖν
1020 1963 1122 2015 ὑπὸ
1151 1955 1368 2019 πάντων
1411 1987 1649 2038 προσκυ·

90 2043 381 2109 νουμὲνους
404 2060 415 2073 ·
452 2047 605 2099 ταῦτ’
637 2048 881 2112 είπόντες
910 2053 1004 2103 καὶ
1025 2054 1327 2121 πράξαντες
1354 2059 1645 2128 ἐπανῆκον,

90 2133 491 2202 ἐνδεικνύμενοι
539 2140 653 2201 τοῖς
709 2142 957 2205 πολίταις
1005 2144 1081 2207 ὡς
1125 2148 1172 2197 εἰ
1222 2147 1297 2216 μὴ
1338 2151 1645 2217 σιγήσουσι,

91 2225 223 2292 πρὸς
254 2229 380 2287 τοὺς
409 2226 671 2293 δεσπότας
703 2233 881 2285 αὐτῶν
916 2237 1227 2304 κατεροῦσι,
1262 2241 1387 2302 τοὺς
1420 2243 1648 2307 ᾀλάστοο

89 2331 187 2380 ρας
240 2315 484 2378 ἐκείνους
534 2319 632 2371 οὐκ
688 2320 971 2386 ὀκνοῦντες
1007 2326 1163 2379 τοῦτο
1211 2330 1421 2384 καλεῖν.
1475 2334 1537 2385 Οί
1590 2335 1646 2386 δὲ

90 2401 394 2469 φρίττουσι,
441 2407 534 2458 καὶ
565 2408 913 2477 συνεύχονται
948 2413 1125 2482 γῆρας
1169 2418 1279 2478 τοῖς
1311 2408 1533 2482 δικαίως
1579 2421 1645 2473 ἂν

87 2492 383 2561 ἁπαχθεῖσι
412 2495 714 2565 μνησθῆναί
740 2516 793 2551 τι
843 2504 936 2554 καὶ
981 2503 1160 2557 αὐτῶν
1205 2506 1297 2559 ἐπὶ
1339 2507 1444 2559 τῶν
1468 2510 1645 2561 πότων

86 2578 329 2649 δεόμενοι
354 2600 368 2613 ⁸
400 2586 494 2637 καὶ
521 2587 786 2656 τοσαύτην
831 2592 1137 2661 παρρησίαν
1174 2594 1222 2646 οἱ
1256 2596 1383 2664 παρ’
1419 2599 1644 2662 ἐκείνοις

91 2672 514 2742 μισθαρνοῦντες
568 2678 988 2746 προσειληφότες
1041 2681 1141 2735 οὐκ
1195 2684 1445 2739 ὀκνοῦσιν
1502 2688 1641 2757 ὑπὲρ

86 2762 313 2816 ἐκείνων
339 2764 564 2836 ἀναίδην
600 2767 1055 2839 δημηγοροῦντες,
1093 2774 1188 2825 καὶ
1224 2775 1399 2829 πάντα
1434 2778 1640 2831 ποιοῦν-

86 2868 194 2917 τες,
229 2854 293 2920 ἐξ
319 2850 395 2907 ὧν
432 2857 614 2919 αὐτοῖς
646 2858 994 2929 χαριοῦνται·
1027 2864 1163 2931 ὅπερ
1192 2865 1307 2917 ἐστί
1354 2868 1640 2937 προδοῦναι

86 2947 181 3013 τὴν
209 2946 386 3009 πόλιν,
412 2949 507 2999 καὶ
526 2950 745 3019 κυρίους
773 2952 1012 3015 ἐκείνους
1036 2957 1220 3024 σαφῶς
1250 2958 1465 3011 πάντων
1481 2961 1638 3027 ποιῆ-

90 3050 204 3085 σαι·
238 3034 370 3088 ὥστ’
403 3038 541 3090 είσὶν
578 3039 675 3109 ἥδη
718 3041 767 3092 oi
815 3043 953 3110 μετὰ
992 3044 1232 3097 σπονδῶν
1273 3046 1403 3112 γοῦν
1437 3048 1637 3102 ἁλῶναι

86 3122 181 3189 τὴν
213 3125 368 3177 πόλιν
413 3126 695 3195 εὐχόμενοι
765 3128 1059 3203 δεδοικότες
1102 3132 1177 3203 μὴ
1215 3134 1493 3202 φθάσωσιν
1533 3137 1638 3190 ὑπὸ

84 3213 187 3266 τῶν
216 3216 430 3284 μιαρῶν
460 3217 659 3270 τούτων
681 3201 1072 3288 προδεδομένοι.

148 3306 333 3368 Οὕτως
364 3309 442 3369 εἰς
473 3308 676 3379 ἄπορόν
703 3328 824 3364 τινα
854 3314 1019 3381 τύχην
1047 3316 1117 3367 τά
1150 3319 1303 3371 κοινά
1335 3321 1631 3392 συνηλάθη,

86 3400 172 3449 καὶ
199 3397 341 3449 οὕτω
362 3398 421 3449 τὸ
445 3400 562 3467 μετ’
579 3400 888 3469 ἐλευθερίας
915 3404 1015 3473 ζῇν
1044 3405 1139 3458 τοῦ
1162 3410 1346 3462 λοιποῦ
1369 3410 1430 3462 ἐν
1454 3428 1506 3463 τι
1526 3414 1637 3466 τῶν

83 3487 350 3541 ἀδυνάτων
378 3488 554 3540 δοκεῖ’
587 3490 665 3550 εἰς
695 3490 829 3560 ὅπερ
864 3493 1005 3561 ὑμᾶς
1055 3494 1116 3547 τὸ
1148 3496 1214 3548 τά
1251 3497 1349 3565 μέν
1388 3499 1635 3571 καθημέ-

85 3594 180 3644 ραν
204 3576 563 3645 ἐλαττώματα
591 3578 932 3647 διορθοῦσθαι
962 3583 1201 3652 νομίζειν
1230 3588 1542 3658 περίεργον,
1574 3590 1635 3643 τὸ

82 3668 134 3719 δὲ
187 3670 327 3735 μετά
378 3668 660 3737 ῥᾳστώνης
705 3673 990 3740 παρελθεῖν
1020 3674 1117 3741 τὴν
1150 3677 1361 3746 ἡμέραν
1405 3682 1633 3749 ἀνδράσι

82 3758 351 3826 προσῆκον
378 3758 719 3825 λογίζεσθαι·
745 3764 833 3812 καὶ
864 3766 989 3826 τοὺς
1015 3752 1119 3832 ’μὲν
1148 3767 1184 3819 ἃ
1208 3768 1289 3820 δεῖ
1307 3773 1631 3841 παραινοῦν-

79 3864 170 3909 τας
216 3850 649 3918 λήρουςκαλεῖν,
679 3852 786 3913 τοῖς
816 3852 870 3903 δὲ
895 3857 1013 3915 ταῖς
1052 3857 1442 3927 ἡμῶνήδοναῖς
1477 3879 1632 3917 cum.

78 3935 470 4005 γωνιςομένους
492 3932 627 3989 ἆθλα
648 3940 931 4009 θαυμαστά
976 3946 1284 4012 προτιθέναι
1320 3953 1627 4021 προήγαγε.

78 4027 183 4079 Καὶ
212 4029 352 4096 πρός
390 4044 454 4093 γε
495 4027 577 4080 ἐτι
606 4030 666 4081 τὸ
699 4033 821 4095 τοὺς
854 4036 950 4101 μὲν
980 4038 1227 4106 φανερῶς
1261 4042 1629 4112 πολεμοῦντας

77 4114 385 4183 ἀνέχεσθαι,
435 4116 529 4168 καὶ
570 4119 843 4171 πιστεύειν
873 4122 1204 4191 ἐξαπατῶσι,
1259 4131 1383 4193 τοὺς
1416 4131 1472 4184 δὲ
1508 4133 1627 4199 μεθ’

77 4205 230 4272 ἡμῶν
277 4205 569 4259 τάττεσθαι
625 4211 718 4261 καὶ
774 4218 1078 4283 συμμαχεῖν
1128 4218 1623 4291 ἐπαγγελλομένους
1696 4220 1699 4223 ’

77 4296 433 4350 ὑποπτεύειν·
468 4298 562 4350 καὶ
594 4296 774 4367 ζητεῖν
800 4304 1099 4369 προφάσεις
1113 4307 1239 4358 ὅθεν
1265 4311 1497 4379 λύσομεν
1527 4314 1623 4373 τὰς

77 4386 433 4453 φιλίας.Ἀλλ’
450 4387 546 4440 ἐάν
567 4389 675 4439 τῶν
705 4390 967 4460 πρότερον
991 4398 1369 4466 καταγνόντες,
1397 4405 1506 4463 τοῖς
1528 4402 1622 4455 νῦν

74 4477 220 4545 παρὰ
252 4476 389 4528 Θεοῦ
426 4475 724 4544 δεδομένοις
760 4480 1111 4550 χρησώμεθα,
1150 4488 1241 4538 καὶ
1272 4492 1395 4552 τοὺς
1437 4492 1620 4544 ἀνθελ-

1769 718 1913 773 tibus
1932 724 2312 785 scrvis,eorum
2334 730 2433 797 ipsi
2459 731 2692 787 vicissim
2716 736 2949 791 subeunt
2969 745 3323 800 sortcm.Uni~

1765 823 1916 863 versa
1937 812 2170 868 civitatis
2190 819 2396 886 species
2412 823 2556 875 omni
2588 840 2737 892 parte
2758 829 2905 882 velut
2925 832 2976 883 in
3002 833 3149 889 luctu
3171 850 3319 890 corn-

1764 907 1967 953 mutata
1994 905 2234 958 cernitur
2260 926 2273 959 :
2302 912 2589 979 cunctique
2619 917 2884 972 malorum
2905 923 3140 980 coitione
3169 936 3315 980 tanta

1762 990 2073 1059 stupefacti,
2110 997 2319 1054 animos
2354 1001 2783 1070 desponderunt.
2805 1011 2944 1076 Quin
2966 1014 3067 1070 hoc
3097 1033 3318 1088 quoque

1763 1079 2069 1146 sapientum
2117 1086 2350 1143 mentem
2382 1094 2583 1160 quatit,
2610 1098 2755 1164 quod
2793 1101 2943 1155 multi
2998 1079 3143 1159 cives
3178 1079 3316 1159 adeo

1761 1170 1944 1224 servili
1992 1174 2173 1228 animo
2220 1176 2350 1232 facti
2383 1181 2513 1246 sint,
2552 1193 2609 1238 ut
2642 1187 2772 1255 quid
2811 1191 2959 1257 boni,
3002 1194 3075 1248 illi
3112 1196 3316 1250 Barba—

1762 1273 1947 1313 rorum
1966 1264 2215 1319 servituti
2253 1268 2429 1326 inesse
2456 1273 2735 1341 dicant,ac
2762 1278 3033 1338 Romanos
3063 1288 3310 1354 graviora

1755 1349 1969 1418 jubere.
2005 1352 2367 1419 Quamobrem
2399 1363 2559 1417 etiam
2591 1369 2865 1437 propalam
2898 1374 2962 1425 ad
3002 1349 3119 1430 illos
3148 1381 3311 1447 proli-

1758 1441 2322 1518 ciscnntur,apudque
2355 1451 2474 1508 illos
2509 1458 2673 1511 certis
2723 1462 3048 1528 quibusdam
3097 1441 3305 1537 tenipo-

1760 1529 1914 1585 ribus
1945 1545 2251 1600 versantur,
2285 1553 2544 1609 ovesque,
2592 1558 2645 1601 et
2684 1547 2868 1614 boves,
2922 1564 2977 1606 et
3025 1569 3210 1623 equos,
3246 1574 3310 1613 ac

1758 1623 2037 1688 pecunias.
2069 1636 2264 1682 nostra:
2301 1632 2605 1687 mercedem
2642 1639 2968 1704 proditionis
3006 1646 3304 1713 accipiunt,

1755 1710 1946 1779 eisque
1979 1726 2354 1793 compotantes
2392 1733 2633 1777 nostram
2668 1740 2867 1783 canunt
2903 1735 3258 1800 perditionem
3288 1760 3304 1804 ;

1754 1813 1819 1853 ac
1865 1801 2027 1872 hujus
2055 1804 2297 1870 domum,
2340 1813 2525 1867 uxoris
2562 1816 2704 1870 illius
2732 1820 2991 1887 speciem,
3021 1801 3299 1881 autetiam

1756 1889 2064 1959 pignorum,
2100 1895 2167 1950 iis
2199 1899 2489 1969 propinant
2520 1923 2534 1957 :
2578 1909 2721 1975 apud
2769 1926 2825 1963 se
2858 1923 3033 1967 autem
3076 1916 3127 1971 in
3161 1920 3304 1974 votis

1751 1976 1989 2046 habent,
2024 1995 2083 2037 ut
2116 1985 2184 2039 ab
2216 1988 2480 2047 universis
2518 1996 2729 2052 adorari
2768 2000 3013 2059 homines
3062 2009 3303 2075 videant,

1750 2068 1924 2137 iisque
1958 2072 2116 2128 dictis
2147 2090 2209 2130 ac
2237 2076 2392 2134 factis
2446 2088 2645 2140 reverti
2696 2105 3173 2164 przesumpserunt,
3226 2104 3300 2157 si-

1749 2160 2067 2226 gniﬁcantes
2116 2167 2348 2233 civibus,
2383 2172 2486 2225 nisi
2542 2182 2774 2241 taceant,
2810 2182 3053 2238 dicturos
3091 2203 3149 2242 se
3186 2193 3300 2246 suis

1747 2244 2014 2311 dominis,
2049 2266 2111 2305 ac
2156 2254 2295 2322 apud
2343 2272 2436 2310 eos
2485 2262 2706 2329 gravius
2759 2282 3134 2340 accusaturos,
3187 2294 3295 2334 non

1748 2338 1999 2393 verentes
2030 2343 2197 2396 malos
2234 2345 2352 2399 illos
2386 2348 2658 2407 daemones
2697 2370 2759 2409 ac
2788 2370 2968 2427 pestes
2994 2364 3071 2419 sic
3109 2373 3296 2436 appel-

1745 2425 1879 2483 lare.
1912 2427 1950 2481 li
1996 2445 2124 2485 vero
2154 2432 2378 2491 horrore
2420 2448 2692 2508 tenentur,
2739 2445 3035 2521 longosque
3067 2470 3264 2523 precan

1748 2523 1836 2567 tur
1863 2530 2035 2573 annos
2065 2522 2150 2586 iis,
2181 2525 2273 2592 qui
2310 2528 2505 2582 merito
2540 2532 2622 2601 agi
2654 2533 2967 2594 debuissent
2997 2562 3011 2595 :
3044 2522 3293 2617 rogantes

1747 2614 1805 2657 ut
1833 2607 1974 2661 inter
2006 2613 2194 2678 pocula
2242 2630 2432 2670 eorum
2467 2620 2669 2690 aliquid
2727 2631 3039 2688 meminisse
3080 2637 3243 2693 velint
3279 2658 3292 2691 :

1749 2706 2063 2767 tantamque
2107 2702 2414 2761 libertatem
2448 2710 2525 2764 sic
2562 2715 2703 2783 apud
2737 2717 2859 2773 illos
2893 2736 3163 2782 merentes
3206 2746 3295 2784 as-

1745 2799 2120 2855 sumpserunt,
2160 2803 2216 2847 ut
2252 2811 2351 2851 nec
2385 2815 2481 2867 pro
2511 2803 2617 2859 illis
2646 2806 2981 2876 impudentia
3012 2830 3170 2873 orare
3204 2836 3294 2875 ve-

1744 2887 1987 2944 reantur,
2022 2884 2311 2953 omniaque
2362 2888 2561 2957 faccre,
2607 2910 2672 2949 ex
2714 2900 2914 2966 quibus
2963 2905 3071 2961 illis
3129 2911 3291 2966 obse-

1740 2979 1980 3035 quantur
2007 2989 2023 3038 ;
2053 2975 2196 3042 quod
2245 2990 2328 3032 est
2357 2982 2546 3038 urbem
2576 2988 2828 3055 prodere.
2862 3008 2925 3047 ac
2954 2996 3131 3065 palam
3165 3005 3291 3056 ιιιιί-

1741 3072 2023 3113 versorum
2082 3063 2330 3122 dominos
2379 3070 2556 3128 facere
2585 3094 2599 3130 :
2632 3087 2688 3131 ιιι
2722 3094 2819 3133 nec
2847 3063 2970 3151 jam‘
2988 3088 3167 3143 desint
3196 3093 3287 3160 qui

1738 3157 1927 3216 aptent
1957 3150 2058 3204 sub
2088 3154 2260 3221 pactis
2292 3159 2409 3226 capi
2438 3159 2735 3229 civitatem,
2776 3150 3030 3226 timentes
3057 3190 3126 3231 ne
3170 3150 3287 3234 scc-

1737 3236 1889 3291 lestis
1919 3239 2037 3295 istis
2076 3242 2428 3301 traditoribus
2465 3253 2739 3323 contingat
2767 3264 3039 3328 occupari.

1759 3396 1764 3403 ν
1808 3328 1900 3383 Sic
1931 3331 2146 3399 publica
2178 3337 2349 3390 resin
2395 3350 2661 3395 extremas
2707 3350 2968 3412 qur-sdam
3013 3360 3289 3425 anguSIias

1693 3476 1696 3481 ,
1738 3417 1951 3473 redacta
1979 3432 2086 3486 est,
2118 3424 2303 3493 sicque
2331 3427 2587 3497 deinceps
2620 3434 2821 3491 liberos
2868 3442 3047 3497 vivere
3081 3447 3289 3517 impos-

1735 3507 1988 3565 sibilibus
2015 3518 2416 3571 accensendum
2446 3520 2661 3576 videtur
2686 3542 2701 3590 ;
2732 3528 2786 3581 in
2818 3545 2954 3598 quas
2992 3551 3090 3590 nos
3116 3554 3286 3609 angu-

1734 3598 1865 3653 stias
1891 3603 2144 3671 conjecit,
2172 3614 2284 3658 tum
2312 3609 2454 3676 quod
2487 3612 2785 3669 accidentia
2814 3627 2950 3675 mata
2979 3598 3284 3699 damnaque

1734 3690 2134 3757 neglexerimus
2181 3710 2278 3749 ceu
2338 3713 2450 3753 rem
2494 3706 2818 3771 superﬂuam
2865 3716 3157 3772 emendare
3206 3740 3270 3776 ac

1734 3778 2080 3845 instaurare;
2136 3793 2247 3839 tum
2298 3790 2442 3856 quod
2491 3792 2631 3846 diem
2699 3799 2810 3855 otio
2875 3808 3170 3875 transigere
3216 3829 3280 3865 ac

1733 3865 1982 3936 ignavia,
2035 3872 2181 3927 viros
2228 3875 2423 3932 decere
2474 3890 2827 3953 putaremus;
2873 3905 2936 3945 ac
2995 3910 3279 3971 monentes

1731 3959 1949 4025 quidem
2009 3978 2129 4031 qua:
2191 3980 2369 4034 opera:
2418 3973 2649 4038 pretium
2694 3987 2897 4043 essent,
2948 3962 3278 4044 haberemus

1729 4049 1923 4103 stultos
1951 4067 1965 4115 ;
2003 4053 2068 4106 iis
2094 4067 2272 4109 autem
2305 4059 2397 4126 qui
2423 4061 2790 4131 voluptatibus
2820 4070 3275 4133 adblandirentur

1730 4140 1951 4204 nostris,
1987 4145 2241 4211 praeclara
2276 4148 2521 4215 qumdam
2563 4156 2778 4220 praemia
2802 4164 3077 4228 proposita
3111 4169 3276 4222 Velle-

1728 4241 1862 4282 mus.
1896 4230 1974 4284 Ad
2004 4232 2116 4286 hac
2138 4246 2339 4301 autem,
2367 4241 2507 4306 quod
2538 4245 2850 4301 manifestos
2878 4250 3060 4308 hostes
3108 4262 3276 4311 susti-

1726 4331 1996 4382 neremus,
2026 4335 2088 4374 ac
2129 4322 2531 4392 decipientibus
2583 4332 2912 4391 haberemus
2943 4337 3101 4395 ﬁdem
3129 4360 3143 4407 ;
3180 4361 3273 4401 eos

1725 4416 1906 4460 autem
1939 4411 2029 4478 qui
2075 4412 2619 4491 nobis‘aecedentes,
2653 4424 2778 4478 belli
2824 4440 2881 4482 se
2932 4432 3111 4486 socios
3157 4434 3273 4491 fere

1724 4498 2131 4563 pollicebantur,
2159 4502 2504 4563 habuerimus
2536 4524 2836 4582 suspectos,
2868 4532 2930 4573 ea
2965 4536 3270 4591 causantes,

76 4566 303 4629 κοῦντας
335 4565 555 4628 τούτους
608 4562 1027 4639 ἀποσεισάμενοι
1047 4612 1063 4638 ,
1094 4578 1183 4629 καὶ
1214 4584 1417 4646 γραυσὶ
1452 4583 1622 4636 ταῦτα
1657 4600 1664 4654 1

83 4657 236 4681 ..._".-\
261 4658 554 4681 μ-.Δ---.....,
606 4660 847 4681 ι.---ιη-ε
1103 4665 1117 4681 ε
1193 4669 1212 4681 ν
1506 4672 1525 4680 -

2119 4562 2124 4563 ί
2492 4562 2495 4563 ,
2542 4562 2836 4582 ,,-r----_,
2870 4562 2930 4573 --
2968 4562 3270 4591 --...,......ο,

1726 4586 1926 4653 quibus
1954 4591 2218 4647 amicitias
2242 4594 2682 4658 dissolveremus.
2704 4604 2903 4662 Verum
2940 4620 2997 4664 ut
3024 4615 3271 4681 priorum

81 4657 554 4726 μυθολογησαντας
598 4660 1041 4731 ἀποπέμψαντες,
1070 4665 1158 4718 τὸν
1191 4669 1410 4735 ἔσχατον
1439 4672 1623 4725 τοῦτον

78 4746 211 4814 ὺπέρ
243 4747 346 4815 τῆς
375 4752 557 4821 κοινῆς
587 4753 854 4823 σωτηρίας
884 4754 1070 4821 ἀγῶνα
1092 4758 1462 4823 ἀγωνίσασθαι
1504 4761 1625 4829 βου-

78 4837 292 4907 ληθῆτε,
346 4836 526 4908 οἶμαι,
558 4844 650 4894 καὶ
688 4842 784 4896 σὺν
822 4845 940 4912 Θεῷ
975 4845 1120 4896 τοῦτ’
1166 4850 1422 4918 εἰρήσθω,
1463 4854 1523 4904 οὐ
1553 4855 1624 4906 .τά

76 4926 205 4979 οίκοι
248 4928 430 4996 μόνον,
485 4931 617 4983 ἀλλὰ
652 4933 746 4984 καὶ
797 4933 865 4984 τά
900 4937 1232 5003 πορρωτάτω
1266 4941 1440 5003 καλῶς
1481 4944 1622 5006 ἕξειν

76 5014 227 5083 ἡμῖν’
248 5017 347 5070 καὶ
374 5018 447 5086 μὴ
470 5021 541 5089 τῇ
566 5022 783 5089 πατρίδι
809 5024 966 5091 μόνον
982 5025 1281 5080 ἀνασώσειν
1314 5031 1374 5082 τὸ
1406 5033 1621 5087 πάντων

73 5099 397 5173 ἀντίρροπον
427 5104 523 5175 τὴν
557 5106 891 5176 ἐλευθερίαν,
923 5111 1056 5164 ἀλλά
1102 5116 1195 5166 καὶ
1234 5116 1490 5172 πλειόνων
1523 5124 1621 5190 άρ-

75 5188 177 5253 ζειν
205 5193 243 5261 ἢ
298 5195 590 5267 πρότερον
624 5199 718 5251 καὶ
749 5200 955 5263 πάντας
995 5202 1119 5266 τοὺς
1152 5208 1281 5274 πρὶν
1339 5210 1429 5277 ὑφ’
1472 5188 1618 5281 ἡμᾶς

76 5277 150 5344 ἐφ’
170 5282 329 5350 ἡμᾶς
356 5286 665 5355 ἐπανήξειν,
691 5288 784 5339 καὶ
811 5290 1015 5354 πάντας
1039 5293 1142 5345 ὑπὸ
1168 5297 1293 5359 τοὺς
1319 5277 1618 5368 ἡμετέρους

74 5367 284 5425 ἔσεσθαι
337 5374 531 5443 νόμους
552 5415 567 5442 ,
597 5384 690 5430 καὶ
731 5382 996 5449 πανταχοῦ
1030 5387 1141 5447 τοῖς
1168 5388 1459 5458 βαρὸάροις
1489 5367 1618 5445 ἀνα-

76 5457 439 5533 θαρρήσοντας
468 5468 841 5538 ἐπιθήσεσθαι.
867 5472 982 5524 Νῦν
1017 5477 1115 5543 μὲν
1142 5477 1251 5547 γὰρ
1278 5457 1422 5548 ἡμᾶς
1453 5483 1617 5551 ὀρῶν-

74 5564 154 5616 se;
185 5557 627 5627 κατεπτηχότας,
662 5562 883 5625 εἰκότως
917 5566 1293 5636 συστέλλονται
1320 5574 1412 5622 καὶ
1436 5573 1613 5638 αὐτοὶ,

77 5646 157 5695 καὶ
188 5647 290 5716 τῆς
325 5647 571 5725 δουλείας
596 5650 894 5720 ἀνέχονται,
928 5655 1156 5723 ὁρῶντες
1188 5658 1310 5719 τοὺς
1354 5661 1614 5725 δεσπότας

79 5732 555 5805 ἀνακεχωρηκότας
586 5738 695 5791 τῶν
724 5744 1060 5811 πραγμάτων
1083 5759 1098 5785 .’
1138 5745 1201 5796 ἂν
1231 5745 1273 5796 δ’
1304 5749 1497 5815 δρῶσιν
1522 5751 1612 5802 ἀν-

79 5822 343 5877 τιϐλέπειν
397 5826 803 5896 τολμήσαντας.
856 5834 946 5885 καὶ
1002 5834 1152 5886 αὐτοὶ
1201 5837 1498 5890 συνοίσουσι
1548 5840 1610 5893 τὰ

1727 4676 2065 4742 ραιιιὶιυιίίιιο
2108 4680 2293 4749 ducti,
2344 4686 2540 4743 oblatis
2599 4707 2743 4747 nunc
2791 4695 2882 4751 Dei
2931 4676 3271 4768 providentia

1727 4764 2060 4831 voluerimus
2090 4771 2191 4833 uti,
2234 4773 2408 4842 iisque
2446 4781 2678 4858 repulsis
2704 4787 2797 4853 qui
2839 4802 2994 4843 secus
3029 4796 3269 4858 trahunt,

1726 4870 1788 4909 ac
1814 4858 1879 4909 ad
1904 4872 2062 4921 anus,
2085 4860 2284 4925 quibus
2308 4879 2404 4918 eas
2432 4866 2643 4924 fabulas
2673 4888 2917 4936 narrent.
2945 4885 3266 4948 amartdatis,

1723 4960 2036 5011 supremum
2078 4950 2183 5003 hoc
2218 4968 2316 5019 pro
2342 4955 2513 5009 salute
2550 4966 2821 5016 communi
2852 4968 3119 5025 desudare
3147 4989 3268 5027 cet-

1723 5048 1924 5101 tamen,
1957 5039 2068 5094 fore
2120 5053 2300 5110 spero,
2335 5047 2477 5106 quod
2512 5052 2585 5101 sit
2613 5053 2813 5107 dictum
2843 5057 2965 5109 'Deo
3024 5068 3265 5139 auspice,

1722 5138 1781 5182 ut
1813 5128 2013 5183 nedum
2036 5131 2344 5191 domesticae
2372 5154 2455 5192 res
2481 5141 2616 5196 bene
2647 5146 2803 5201 nobis
2836 5133 3103 5210 habitura:
3128 5128 3261 5220 sint,

1716 5232 1908 5274 verum
1935 5221 2096 5275 etiam
2126 5238 2287 5290 quam
2339 5227 2654 5295 longissime
2681 5237 2911 5303 positae;
2956 5250 3120 5310 utque
3154 5261 3261 5298 non

1718 5307 1891 5361 solum
1944 5312 2132 5377 patria:
2178 5324 2375 5367 sartum
2408 5325 2603 5373 tectam
2655 5337 2956 5394 servemus,
2995 5333 3260 5387 universis

1716 5400 2132 5465 comparabilem
2184 5417 2247 5456 ac
2296 5406 2666 5487 :estitnabilcm
2728 5417 2895 5484 magis
2926 5420 3255 5487 libertatem,

1716 5487 1807 5541 sed
1828 5489 1995 5542 etiam
2038 5491 2281 5558 pluribus
2322 5479 2688 5564 imperemus;
2723 5518 3019 5576 omnesque
3048 5502 3291 5577 pritlein'

1716 5578 1871 5631 nobis
1904 5582 2128 5650 sul-jecti
2158 5583 2222 5636 ad
2273 5600 2372 5639 nos
2404 5601 2764 5659 revertantur,
2800 5600 3109 5668 nostrisque
3141 5606 3255 5656 uni-

1714 5668 1852 5720 versi
1883 5668 2089 5735 legibus
2112 5672 2474 5740 subjiciantur
2500 5697 2512 5739 ;
2541 5699 2601 5733 ut:
2628 5669 2840 5737 tletnum
2876 5697 2933 5738 ut
2961 5691 3107 5743 omni
3140 5693 3254 5746 loco

1713 5756 1907 5810 ﬁducia
1938 5759 2102 5826 pleni,
2127 5763 2310 5819 hostes
2345 5766 2679 5827 invadamus.
2710 5773 2864 5828 Modo
2886 5778 3107 5857 quideni
3131 5799 3254 5834 cum

1713 5860 1812 5900 nos
1846 5849 2100 5906 attonitos
2126 5852 2361 5920 videant,
2394 5861 2587 5913 merito
2615 5872 2669 5914 et
2705 5864 2800 5929 ipsi
2832 5849 3250 5931 contrahuntur.
