4166 6330
743 364 875 427 1007

1976 358 2361 419 DEMETRII
2404 358 2715 419 CYDONII

3819 361 3971 426 1008

738 491 801 532 ac
829 477 1035 532 servire
1071 472 1366 538 sustinent,
1409 468 1659 525 videntes
1709 468 1961 527 dominos
2008 470 2301 527 recessisse
2331 476 2375 533 Α

2409 470 2639 526 ἑαυτῶν.
2667 471 2738 525 Οὐ
2768 469 2964 541 μικρὸν
2994 469 3119 535 δὲκξί
3145 472 3252 534 τοῖς
3281 469 3574 542 βαρϐάροις
3606 471 3798 535 ἔξωθεν
3829 470 3969 541 βλα-

738 582 765 619 a
813 566 1000 620 rebus.
1038 562 1134 617 Sin
1186 570 1367 614 autem
1401 569 1590 613 contra
1636 573 1800 614 ausos
1848 560 2119 629 respicere
2153 559 2301 615 vide-

740 654 869 714 rint,
896 654 1059 707 etiam
1084 648 1184 719 ipsi
1214 648 1516 712 conferent,
1537 662 1655 716 quae
1684 655 1812 701 sunt
1840 648 2107 717 ipsorum.
2145 648 2296 703 Haud

2407 562 2715 629 λιπομένοις,
2770 562 2863 614 καὶ
2892 562 2961 613 τὰ
3012 564 3161 627 παρά
3201 560 3305 613 τῶν
3351 563 3565 615 οἰκείων
3606 563 3813 625 τούτοις
3858 564 3967 613 οὐκ

2409 651 2698 717 ἠρεμήσαι

738 760 870 798 vero
920 743 972 796 id
1053 742 1325 795 modicum
1396 747 1455 815 ut
1505 738 1758 794 Barbaris
1808 750 2036 793 externa
2077 740 2217 793 laesis
2277 741 2669 807 impressione,
2739 757 2843 796 nec
2885 758 3002 809 qum.
3050 758 3079 795 a
3133 742 3247 796 suis
3299 742 3497 795 habent
3540 743 3721 812 quieta
3755 743 3969 798 consti-

650 845 655 851 '
741 833 925 887 terim.

814 922 1104 977 Enimvero
1158 930 1218 975 ut
1271 920 1606 981 rumoribus,
1656 935 1719 975 ac
1752 921 1820 976 iis
1868 935 1988 989 qua:
2020 922 2296 977 communi

742 1011 995 1066 feruntur
1038 1013 1201 1076 fama,
1235 1010 1440 1081 aliquid
1490 1011 1556 1064 ad
1595 1011 1755 1066 (idem
1788 1011 2028 1067 dandum
2061 1014 2151 1078 sit,
2182 1022 2299 1068 erat

743 1103 1021 1157 oraculum
1052 1103 1351 1172 quoddam,
1391 1113 1653 1157 venturos
1686 1119 1715 1156 a
1766 1103 1901 1156 mari
1952 1119 2015 1157 ac
2050 1104 2297 1173 Alpibus,

742 1195 836 1262 qui
888 1196 1075 1249 urbem
1122 1209 1186 1249 ac
1220 1210 1320 1248 nos
1367 1194 1536 1247 ulturi
1584 1205 1787 1258 essent,
1849 1193 2071 1262 iureque
2107 1204 2165 1248 ut
2204 1210 2300 1249 eos

744 1300 934 1338 omnes
966 1285 1298 1350 videremus,
1330 1284 1691 1338 Barbarorum
1744 1284 1795 1338 vi
1837 1293 2103 1352 prostrata
2136 1295 2299 1354 atque

745 1378 963 1447 injuria,
996 1376 1342 1445 postmodum
1398 1376 1505 1428 illis
1548 1375 1754 1428 servire
1794 1384 2071 1443 cogentes,
2105 1373 2303 1442 quibus

742 1468 899 1535 prius
920 1468 1366 1537 imperavissent:
1399 1454 1643 1533 adeoque
1670 1464 1892 1518 Barbari
1925 1473 2127 1517 metum
2159 1463 2304 1518 hunc

745 1576 959 1627 semper
992 1559 1187 1611 animis
1236 1557 1506 1627 vigentem
1541 1556 1762 1615 habent.
1798 1564 1857 1609 ut
1890 1554 2199 1624 ubicunque
2233 1555 2300 1609 ad

744 1648 1158 1702 deliberandum
1186 1646 1571 1709 convenerint,
1611 1645 1713 1700 hoc
1761 1644 2027 1711 obtineat,
2068 1645 2211 1699 haud
2247 1647 2301 1700 in

2484 924 2641 977 Ἀλλά
2674 926 2776 994 μὴν
2806 925 2858 976 εἴ
2882 942 2931 978 τι
2958 924 3037 976 δεῖ
3060 926 3177 987 ταῖς
3204 931 3410 993 φήμαις
3432 924 3524 977 καὶ
3556 928 3663 986 τοῖς
3690 928 3839 995 κοινῇ
3871 926 3961 976 λε·

2401 1015 2647 1082 γομένοις
2676 1015 2773 1065 οὐκ
2802 1014 3067 1078 ἀπιστλν,
3094 1010 3161 1081 ἦν
3191 1031 3241 1065 τι
3270 1015 3445 1080 λόγιον
3466 1014 3528 1065 ὲκ
3555 1010 3647 1064 τοῦ
3684 1013 3955 1079 πελάγους

2402 1104 2493 1158 ml.
2522 1106 2628 1158 τῶν
2658 1104 2906 1157 ’Ἄλπεων
2936 1104 3231 1174 ἦξεινλτοὺς
3259 1108 3322 1172 τῇ
3358 1104 3504 1155 πόλει
3538 1104 3631 1157 καὶ
3652 1104 3782 1173 ἡμῖν
3814 1105 3963 1170 ἀμυο

2403 1194 2659 1256 νοῠνταςο
2716 1195 2807 1246 καὶ
2861 1194 3082 1253 τούτους
3134 1193 3333 1253 πάντες
3372 1189 3657 1261 εἶδοντὴν
3704 1192 3802 1259 μὲν
3850 1193 3965 1242 τῶν

2406 1285 2699 1354 βιρῆἀρων
2741 1284 2897 1353 ῦὸριν
2960 1285 3255 1353 στορέσειν,
3298 1283 3627 1349 ἀναγκάσειν
3682 1282 3725 1335 δ’
3764 1282 3965 1341 αὐτοὺς

2402 1376 2622 1443 ὕστερον
2660 1375 2949 1436 δουλεύειν,
2983 1369 3057 1427 ὧν
3094 1375 3357 1443 πρότερον
3406 1369 3573 1443 ἦρχον
3596 1389 3609 1402 ·
3645 1374 3741 1424 καὶ
3789 1372 3967 1432 οὕτως

2401 1466 2605 1525 ὲνῒαῐς
2637 1464 2742 1513 τῶν
2776 1462 3067 1532 βαρϐάρων
3096 1462 3291 1531 ψυχαῖς
3326 1461 3569 1529 ἧκμσζεν
3601 1461 3687 1511 ἀεὶ
3714 1460 3871 1511 τοῦτο
3906 1460 3967 1509 τὺ

2397 1552 2536 1615 δέος,
2602 1550 2732 1603 ὥσθ’
2767 1553 2927 1604 ὁπότε
2988 1550 3329 1611 συνελθόντες
3390 1550 3745 1618 βουλεύοιντο,
3804 1550 3969 1602 τοῦτο

2399 1644 2573 1709 νικᾷν,
2612 1644 2687 1710 μὴ
2716 1642 2825 1694 δεῖν
2860 1644 3002 1710 πέρα
3030 1641 3122 1693 τοῦ
3157 1627 3379 1710 μετρίου
3430 1643 3496 1710 τῇ
3535 1641 3667 1707 πρὶς
3696 1642 3840 1707 ἡμᾶς
3873 1657 3969 1692 κε-

747 1754 844 1793 nos
894 1738 1307 1793 immoderatius
1350 1752 1471 1791 esse
1521 1736 1706 1804 iniqua
1757 1737 2040 1790 vexatione
2072 1735 2303 1789 abuteu-
2334 1729 2409 1802 Β]

2406 1732 2635 1804 χρῆσθαι
2666 1732 2972 1802 πλεονεξίᾳ·
3001 1731 3134 1784 ἀλλά
3165 1732 3301 1783 κατά
3333 1732 3524 1797 μικρὸν
3546 1732 3691 1799 ἡμᾶς
3715 1732 3965 1794 ἀναλοῦν,

744 1834 898 1896 dum,
930 1833 1023 1886 sed
1078 1833 1335 1901 paulatim
1365 1847 1485 1885 esse
1520 1832 1949 1895 consumendos,
1985 1847 2083 1887 nec
2131 1834 2184 1886 in
2212 1832 2306 1887 de-

748 1924 1114 1992 sperationem
1148 1923 1439 1991 cogendos,
1475 1938 1542 1975 ne
1566 1923 1790 1975 omnino
1823 1922 1910 1975 illa
1947 1923 2211 1988 persuasi,
2240 1922 2305 1977 ad

745 2028 840 2068 eos
893 2014 1291 2082 confugiamus,
1341 2014 1434 2081 qui
1476 2012 1638 2067 modo
1686 2023 1881 2082 sponte
1919 2012 2143 2076 adsunt,
2192 2023 2307 2067 tan-

746 2120 911 2174 quam
944 2120 1006 2158 co
1030 2115 1229 2158 eventu
1284 2103 1419 2158 nihil
1470 2104 1572 2156 illis
1618 2102 1895 2171 expeditio
1936 2118 1998 2157 ac
2029 2102 2307 2156 contentio

749 2195 1091 2257 conducibile
1125 2194 1382 2247 habeant.
1407 2192 1601 2247 Fauste
1635 2193 1819 2260 itaque
1853 2206 2010 2247 omen
2042 2192 2307 2262 suscipia-

750 2297 889 2341 mus.
919 2286 1005 2337 cui
1046 2295 1100 2337 et
1134 2285 1314 2338 hostes
1345 2284 1598 2353 sull‘ragio
1630 2284 1937 2346 accedant;
1974 2297 2075 2337 nec
2115 2298 2303 2336 eorum
2338 2288 2341 2291 ’

750 2386 871 2427 vota
908 2383 1018 2426 rata
1052 2374 1334 2426 iaciamus.
1364 2372 1574 2441 Quippe
1608 2372 1874 2426 absonum
1900 2373 2095 2425 merito
2122 2372 2309 2425 videa-

754 2474 859 2522 tur,
897 2472 954 2513 ut
988 2478 1110 2515 cum
1161 2462 1233 2513 illi
1276 2461 1519 2525 timeant,
1558 2475 1733 2528 exque
1784 2468 1949 2524 metu,
1987 2458 2132 2511 domi
2170 2460 2316 2513 viros

752 2569 972 2607 manere
1014 2562 1323 2621 precentur,
1378 2553 1596 2605 eosdem
1654 2552 1754 2620 ipsi
1806 2552 2088 2605 venientes
2128 2551 2315 2619 prohi-

753 2648 995 2702 beamus.
1032 2649 1220 2712 siCque
1273 2641 1511 2695 hostium
1577 2642 1864 2710 cupiditati
1899 2643 2178 2711 cooperari
2237 2643 2315 2693 ιι-

2404 1825 2527 1895 μηδ⁹
2560 1824 2868 1890 ἀπόγνωσιν
2910 1824 3039 1891 ἡμῖν
3080 1823 3347 1889 ἐμποιεῖν,
3390 1820 3526 1872 ὥστε
3568 1821 3642 1890 μὴ
3682 1822 3965 1883 παντελῶς

2402 1917 2757 1983 ἀπογνόντας,
2797 1916 2890 1967 ἐπὶ
2919 1913 3140 1972 τούτους
3176 1915 3560 1980 καταφεύγειν,
3600 1913 3651 1964 οἳ
3688 1914 3782 1966 νῦν
3810 1914 3969 1966 αὖτὸο

2407 2024 2565 2076 ματοι
2597 2004 2961 2075 πάρεισιν,ὼς
2993 2003 3101 2055 τότ’
3134 2004 3315 2064 αὐτοῖς
3348 2003 3718 2068 ἀντεπεξιέναι
3743 2006 3841 2055 καὶ
3874 2022 3975 2071 φι-

2404 2098 2661 2149 λονεικεῖν
2695 2098 2751 2147 οὐ
2772 2098 3031 2149 συνοῖσον.
3060 2094 3346 2163 Δεχώμεθα
3374 2095 3429 2146 δὲ
3460 2097 3547 2146 τὸν
3577 2095 3761 2145 οἰωνὸν
3787 2097 3975 2164 ἀγαθῇ

2412 2189 2566 2257 τύχῃ,
2597 2182 2639 2254 ᾧ
2664 2189 2756 2261 κε).
2784 2188 2849 2238 τὰ
2867 2186 3015 2252 παρά
3044 2186 3149 2236 τῶν
3181 2184 3387 2254 ἐχθρῶν
3415 2183 3845 2253 συμψηφίζεται·
3874 2184 3981 2238 καὶ

2417 2279 2490 2345 μὴ
2517 2278 2703 2345 κυρίας
2732 2278 2827 2338 τὰς
2860 2276 3021 2342 εὐχὰς
3056 2276 3166 2335 τοίς
3192 2274 3485 2342 βαρϐάροις
3512 2275 3772 2341 ποιῶμεν.
3807 2276 3981 2325 Ἀτο-

2415 2388 2513 2420 nov
2546 2371 2648 2436 γὰρ
2677 2368 2897 2420 ἐκείνων
2930 2366 3099 2417 ταῦτα
3133 2366 3546 2433 πεφοϐημένων,
3576 2369 3667 2417 καὶ
3696 2366 3783 2417 διὰ
3814 2367 3981 2419 τοῦτο

2414 2460 2718 2529 εὐχομένων
2757 2458 2892 2509 οἴκοι
2936 2458 3115 2526 μένειν
3154 2457 3279 2516 τοὺς
3318 2456 3535 2524 ἄνδρας,
3567 2458 3712 2524 ἡμᾶς
3740 2458 3980 2509 κωλύειν

2415 2554 2607 2611 αὐτοὺς
2632 2552 2863 2619 ἥκοντας
2884 2564 2896 2578 ·
2936 2548 3028 2600 καὶ
3058 2546 3197 2599 οὕτω
3221 2548 3328 2608 τοῖς
3358 2545 3635 2614 πολεμίοις
3667 2562 3983 2614 συγκατερ-

2415 2641 2676 2708 -ίαζεσθαι
2703 2640 2874 2691 δοκεῖν
2900 2638 2994 2706 τὴν
3026 2638 3341 2706 ἐπιθυμίαν.

754 2737 998 2787 dcamut‘.

802 2923 855 2935 ...-

792 2939 853 2949 ν-

859 2920 2529 2933 ῄ--ρψ--κ-..-ρ-γμαν-ψς
2548 2920 3004 2947 μ-.--ΞΣΞ
3023 2920 3293 2929 _____.__

1550 3046 1954 3133 MONITUM
1987 3070 2086 3133 1N
2126 3068 2284 3129 om
2298 3030 2620 3131 TIONEM
2660 3070 3182 3145 SEQUENTE»!

2149 3216 2417 3279 (Corragus.
2460 3215 2599 3278 ibid.)

844 3444 1007 3497 Multa
1039 3441 1306 3497 Laonicus
1336 3440 1404 3498 de
1434 3440 1702 3513 Gallipoli,
1732 3456 1891 3511 quam
1921 3442 2014 3495 lib.
2050 3457 2101 3496 tv
2129 3440 2283 3493 πόλιν
2309 3441 2596 3507 εὐδαίμονα
2628 3449 2804 3494 vocat.
2848 3439 3158 3495 Tcnttcrant
3198 3451 3406 3510 tempus
3448 3441 3667 3513 aliquod
3703 3446 3979 3514 Catalani,

764 3541 956 3595 Turcae
990 3541 1041 3593 in
1076 3538 1355 3604 Europam
1390 3537 1842 3603 transmittentes,
1879 3536 1992 3589 fere
2033 3540 2085 3589 in
2116 3551 2198 3598 ea,
2232 3536 2447 3589 urbium
2480 3535 2709 3603 primam
2746 3550 2857 3587 sum
2885 3535 3109 3591 ditionis
3159 3537 3417 3604 fecerant,
3465 3554 3637 3609 eaque
3672 3544 3823 3609 potiti
3885 3545 3989 3601 im-

765 3636 969 3689 mensis
999 3634 1261 3701 deinceps
1295 3632 1540 3686 claribus
1574 3631 1887 3715 Graecorum
1920 3631 2309 3700 rempublicam
2338 3622 2633 3701 aﬂecerant
2665 3647 2678 3682 :
2714 3646 2943 3699 quorum
2975 3632 3083 3699 jam
3115 3633 3215 3685 sub
3248 3632 3492 3703 Bajazete
3522 3638 3765 3708 reliquiae
3791 3644 3989 3700 deleta,-

761 3738 967 3791 essent,
1002 3744 1063 3781 ac
1091 3736 1247 3796 capta
1284 3725 1808 3795 Constantinopolis,
1840 3727 1945 3780 nisi
1980 3725 2237 3780 Temeres
2270 3726 2466 3795 Scytha
2501 3725 2753 3779 eumdem
2803 3726 3193 3785 delevissct'ae
3248 3734 3510 3787 tantillum
3548 3736 3649 3787 sub
3678 3736 3985 3793 Macnmcre

760 3824 878 3889 ejus
912 3822 1019 3873 lilio
1051 3833 1327 3887 respirare
1361 3818 1598 3873 sivisset.
1635 3818 1712 3872 Eo
1748 3818 2019 3871 exstincto
2046 3834 2109 3873 ac
2136 3818 2394 3871 Amurate
2426 3818 2647 3870 ineunte
2683 3819 2996 3887 imperium,
3021 3824 3070 3875 ei
3118 3824 3287 3877 Graeci
3336 3824 3672 3894 Mustapham
3706 3828 3987 3895 objecere,

764 3930 889 3967 eum
930 3930 1038 3981 quo
1075 3915 1239 3967 etiam
1280 3922 1546 3980 ceperunt
1592 3912 1897 3983 Callipolim
1934 3913 2108 3967 eidem
2158 3914 2446 3967 facientem
2496 3912 2880 3976 deditionem:
2936 3918 3099 3987 idque
3152 3934 3318 3971 unum
3369 3919 3480 3974 fere
3551 3919 3722 3974 Graeci
3778 3925 3988 3990 [πεπιῙί

759 4010 883 4059 loco
912 4005 1233 4059 videbantur
1272 4019 1302 4056 a
1338 4002 1623 4072 Mustapha
1651 4005 1890 4073 exigere,
1926 4012 1986 4056 ut
2015 4020 2203 4059 eorum
2256 4004 2537 4077 Callipolis
2572 4008 2796 4063 ditionis
2844 4010 3033 4075 ﬁeret;
3066 4011 3209 4078 quod
3254 4020 3429 4065 tamen
3463 4011 3653 4065 Turcze
3680 4027 3798 4066 eant
3836 4014 3991 4068 inco-

761 4103 936 4153 lentes
978 4099 1258 4167 mgerrime
1295 4097 1582 4163 ferebant;
1636 4114 1698 4151 ac
1750 4113 1853 4154 nec
1897 4100 2239 4172 acquievisse
2284 4103 2584 4173 Mustaphae
2631 4104 2836 4157 volenti
2891 4103 3126 4167 tradere,
3176 4105 3337 4157 tradit
3383 4104 3689 4173 Laonicus;
3740 4124 3985 4178 prtesens

766 4202 944 4244 tamen
978 4191 1322 4253 deliberatio,
1358 4190 1519 4259 pleno
1550 4192 1673 4258 jure
1704 4191 2009 4264 subiectam
2070 4196 2273 4251 Graacis
2326 4197 2600 4250 civitatem
2644 4196 2861 4250 videtur
2900 4196 3243 4265 signiﬁcare;
3296 4213 3395 4251 nec
3453 4212 3517 4251 eo
3565 4200 3725 4253 modo
3765 4212 3980 4271 captam

764 4302 876 4353 quo
906 4286 1057 4350 ponit
1090 4283 1381 4346 Laonicus,
1412 4284 1504 4337 sed
1539 4300 1569 4341 ιι
1590 4284 1809 4343 Latinis
1832 4304 1893 4344 ac
1919 4292 2142 4355 comite,
2174 4292 2268 4359 qui
2303 4292 2548 4345 subsidio
2578 4291 2852 4344 venissent
2884 4290 3107 4355 Graecis,
3158 4292 3270 4346 sola
3303 4292 3354 4345 in
3387 4307 3480 4348 eos
3504 4293 3703 4362 pietate
3729 4310 3795 4349 ac
3822 4294 3986 4348 mise-

772 4379 1005 4432 ricordia
1041 4377 1197 4440 moti,
1224 4378 1372 4445 quod
1404 4378 1747 4437 Christianos
1776 4384 2029 4439 homines
2075 4386 2156 4437 sic
2209 4400 2238 4437 a
2279 4385 2532 4438 Barbaris
2585 4400 2646 4439 ac
2688 4388 2873 4454 impiis
2924 4388 3206 4442 audissent
3258 4389 3394 4441 male
3453 4387 3673 4454 haberi;
3711 4404 3844 4442 num
3900 4389 3987 4443 ille

768 4470 1009 4522 auctoris
1041 4482 1225 4527 (te-mes
1256 4473 1324 4525 sit
1352 4470 1593 4541 Smyrna:
1626 4474 1899 4543 princeps,
1931 4490 2093 4537 quem
2123 4473 2390 4529 Laouicus
2430 4475 2739 4530 Graecorum
2767 4468 2940 4545 copiis
2976 4479 3183 4532 socium
3237 4480 3526 4531 accessisse
3555 4477 3742 4539 tradit,
3775 4479 3989 4533 tuenda:

771 4559 907 4629 parti
938 4557 1235 4641 idustapbze
1270 4578 1332 4616 ac
1366 4563 1642 4631 capiendae
1671 4564 1964 4634 Gallipoli?
2000 4564 2065 4620 Ut
2096 4575 2152 4618 ut
2211 4565 2428 4630 habeat,
2472 4567 2673 4631 babes,
2728 4569 3264 4637 Christianopolitice
3312 4570 3503 4634 lector,
3538 4583 3647 4637 quo
3682 4568 3984 4623 Turcarum

769 4654 1061 4721 dignoscas
1096 4654 1393 4716 solertiam.
1425 4662 1481 4708 et
1508 4662 1565 4733 ut
1597 4655 1671 4708 ita
1702 4655 1869 4711 rebus
1895 4658 2170 4721 auxerint,
2205 4658 2450 4733 quaesitis
2476 4673 2539 4719 ac
2567 4674 2665 4713 suo
2690 4660 2917 4729 adjectis
2942 4660 3185 4715 dominio
3208 4662 3503 4718 commodis
3532 4661 3783 4725 urbibus,
3819 4676 3988 4729 quan-

770 4758 995 4815 tumque
1026 4762 1129 4799 una
1168 4746 1295 4799 urbs
1320 4746 1501 4813 aliqua
1544 4730 1734 4803 aderat
1780 4749 1943 4803 rebus
1987 4752 2267 4805 momenti.
2304 4730 2439 4805 Vide
2487 4753 2628 4821 apud
2664 4751 3055 4806 Leunclavium
3088 4753 3423 4821 deploratam
3474 4751 3794 4809 Grecorum
3826 4756 3985 4807 ἀναι-

772 4842 1024 4908 σῦησίαν,
1065 4849 1221 4907 capta
1249 4852 1279 4891 a
1307 4838 1500 4892 Turcis
1535 4827 1773 4908 primum
1804 4856 1867 4896 ea
1903 4844 2058 4907 urbe,
2095 4857 2193 4896 seu
2230 4842 2350 4897 leve
2380 4843 2635 4897 damnum
2678 4845 2883 4898 illatum
2910 4854 3085 4909 esset;
3133 4845 3475 4912 subiudeque
3526 4858 3821 4913 regnorum
3856 4845 3990 4899 intc-

771 4946 991 5001 grorum
1039 4946 1135 4999 per
1163 4940 1383 4986 nostros
1436 4933 1805 4999 amissionem,
1860 4934 2085 4989 ludente
2135 4934 2339 5004 Cypro,
2396 4951 2460 4991 ac
2506 4936 2649 4999 aliis,
2689 4936 2975 4990 fabulam:
3009 4946 3174 5005 tuque
3226 4936 3460 5005 idipsum
3511 4934 3823 4991 Christiana
3862 4948 3986 4989 vere

773 5027 973 5096 pietate
1009 5041 1070 5078 ac
1099 5040 1283 5091 sensu,
1316 5026 1474 5081 modo
1505 5028 1558 5081 iu
1582 5026 1744 5082 Creta
1782 5027 2041 5097 deplora:
2075 5044 2175 5083 nec
2200 5032 2320 5099 ejus
2354 5039 2511 5099 putes
2542 5031 2817 5085 montibus
2864 5030 3159 5085 sistendam
3210 5030 3502 5091 ﬂammam,
3538 5038 3599 5082 ut
3623 5044 3691 5083 ne
3719 5029 3984 5098 reliquum

768 5118 962 5173 urbem
1015 5115 1409 5181 Christianum,
1463 5119 1567 5173 nisi
1626 5120 2053 5191 expergiscimur
2107 5136 2169 5176 ac
2233 5124 2437 5178 sentire
2494 5121 2821 5192 incipimus,
2880 5125 2963 5180 vel
3020 5120 3479 5179 Deofulciscente
3545 5120 3684 5176 dura
3742 5121 3983 5187 viscera,

764 5212 1047 5282 depascat.
