4166 6330
81 492 201 552 Ῑτὶῦὂ

997 490 1277 552 ORATIO
1318 487 1465 549 ΡΝ)
1507 491 1856 550 SUBSEDIU
1902 491 2364 551 LATINORUM.

3147 491 3282 557 1006

83 606 131 657 τδ
158 603 299 662 δέοςο
335 605 427 656 καὶ
447 602 736 665 δεσπόται,
769 601 966 654 δούλων
998 600 1193 661 αὐτοὺς
1223 598 1574 665 ἀποδράντων
1594 636 1609 658 ,
1643 620 1655 655 Α

1736 598 1899 652 ilibus
1921 598 2179 666 impetum
2199 599 2361 651 timor
2386 597 2697 661 retardavit;
2721 596 3055 666 dominique,
3074 596 3278 668 fugien-

85 695 223 747 αὐτοὶ
248 694 344 762 τὴν
374 693 593 746 ἐκείνων
619 692 1074 762 ἀντιλαμϐάνουσι
1104 692 1295 758 τύχην.
1337 689 1409 739 Τὸ
1434 689 1478 740 δ’
1501 688 1620 739 ὅλον

87 784 258 852 σχῆμα
291 785 389 850 τῆς
415 782 620 844 πόλεως
642 782 829 850 ὁρᾶται
856 780 941 833 διά
972 781 1190 832 πάντων
1218 777 1485 846 ἀμειφθὲν
1515 776 1625 828 ὦσ-

85 888 174 940 περ
205 871 265 923 ἐν
309 870 534 922 πένθει’
572 870 772 931 πάντες
824 868 879 921 δὲ
906 868 1005 937 τὴν
1049 867 1153 919 τῶν
1195 866 1377 918 κακῶν
1410 864 1624 917 σύνοδον

85 960 438 1027 ἐκπλαγέντες
462 1001 478 1026 ,
516 957 867 1026 ἀπώκνησαν.
897 958 1005 1010 Καὶ
1034 955 1061 1009 δ
1105 957 1229 1017 τοὺς
1260 954 1380 1007 νοῦν
1409 954 1628 1023 ἔχοντας

87 1053 373 1112 κατασείει,
403 1052 484 1104 ὅτι
516 1052 613 1104 καὶ
650 1051 759 1103 τῶν
788 1049 1221 1119 πολιτευομένων
1250 1046 1433 1099 πολλοὶ
1485 1044 1627 1098 οὕτω

84 1143 375 1212 χειροήθεις
415 1144 513 1204 τὰς
558 1143 784 1211 γνώμας
814 1142 1122 1209 γεγόνασιν,
1160 1141 1233 1202 ὡς
1278 1140 1420 1208 ἔχειν
1447 1155 1499 1191 τι
1536 1140 1629 1191 καὶ

84 1235 234 1285 καλὸν
250 1234 450 1300 λέγειν,
472 1232 568 1302 τὴν
588 1234 691 1286 ὑπὸ
708 1236 814 1296 τοῖς
830 1230 1122 1301 βαρϐάροις
1142 1230 1343 1290 τούτοις
1365 1228 1628 1293 δουλείαν,

84 1327 165 1376 καὶ
192 1325 320 1385 τοὺς
354 1322 656 1391 Ῥωμαίους
684 1322 958 1391 βαρύτερα
977 1320 1302 1373 ἐπιτάττειν.
1340 1320 1499 1370 Ὅστε
1537 1318 1632 1370 καὶ

83 1415 323 1482 φανερῶς
349 1415 435 1465 ἐπ’
464 1413 704 1475 ἐκείνους
740 1413 1101 1482 ἀποδημοῦσι,
1128 1413 1225 1463 καὶ
1258 1411 1451 1481 ρητούς
1483 1426 1631 1472 τινας

83 1510 301 1568 ἐκείνοις
330 1506 531 1559 σύνεισι
560 1506 813 1575 χρόνουςο
834 1505 927 1556 καὶ
950 1501 1216 1570 πρὸὄατα,
1245 1503 1337 1552 καὶ
1362 1498 1507 1568 βοῦς,
1539 1498 1631 1551 καὶ

84 1594 291 1653 ἵππους,
324 1594 417 1643 καὶ
443 1592 702 1661 ἀργύρια,
728 1589 954 1659 μισθοὺς
983 1589 1166 1657 έχουσι
1196 1588 1293 1656 τῆς
1320 1587 1476 1657 ἡμῶν
1503 1603 1633 1655 προ-

79 1682 251 1744 δοσίας
266 1699 279 1714 ο
305 1684 400 1735 καὶ
429 1682 781 1751 συμπίνοντες
806 1680 1058 1742 ἐκείνοις,
1077 1679 1175 1747 τὴν
1194 1679 1467 1748 ἡμετέραν
1486 1678 1632 1731 ἀπώ-

78 1773 219 1824 λειαν
252 1773 436 1841 ᾄδουσι
455 1787 468 1800 ⁸
513 1773 607 1823 καὶ
632 1771 731 1841 τὴν
773 1770 868 1823 τοῦ
898 1769 1067 1831 δεῖνος
1110 1770 1307 1833 οἰκίαν,
1338 1770 1371 1836 ἦ
1402 1768 1498 1838 τὴν
1536 1768 1632 1833 τῆς

80 1862 330 1929 γυναικὸς
363 1860 533 1928 ὤραν,
563 1860 594 1928 ἢ
623 1860 722 1929 τὴν
748 1860 953 1912 παίδων
984 1859 1212 1919 ἐκείνοις
1243 1859 1595 1926 προπίνουσιν
1615 1874 1629 1886 ·

1729 688 1873 741 tibus
1892 689 2272 749 servis,eorum
2294 690 2392 756 ipsi
2418 688 2652 741 vicissim
2676 687 2909 743 subeunt
2929 688 3283 743 sortem.Uni~

1726 793 1878 832 versa
1898 779 2132 831 civitatis
2151 780 2358 847 species
2373 780 2518 831 omni
2550 794 2698 847 parte
2719 780 2867 832 velut
2886 780 2939 832 in
2964 780 3111 835 luctu
3132 794 3280 833 com-

1727 875 1931 920 mutata
1957 868 2197 921 cernitur
2224 887 2236 920 :
2265 869 2553 936 cunctique
2582 870 2847 923 malorum
2869 871 3103 925 coitione
3132 880 3278 924 tanta

1727 957 2039 1027 stupefacti,
2074 959 2285 1014 animos
2319 960 2909 1028 desponderunt.Quin
2930 962 3033 1016 hoc
3062 977 3283 1031 quoque

1729 1048 2036 1116 sapientum
2085 1058 2318 1102 mentem
2348 1050 2550 1118 quatit,
2576 1049 2722 1118 quod
2760 1051 2909 1103 multi
2965 1050 3111 1104 cives
3144 1051 3283 1103 adeo

1729 1137 1913 1191 servili
1960 1138 2141 1191 animo
2189 1137 2318 1192 facti
2352 1139 2481 1202 sint,
2521 1148 2576 1193 ut
2610 1140 2740 1209 quid
2780 1140 2928 1205 boni,
2971 1141 3043 1194 illi
3080 1140 3285 1193 Barba-

1732 1242 1917 1281 rorum
1936 1229 2185 1283 servituti
2223 1229 2399 1284 inesse
2425 1230 2705 1295 dicant,ac
2731 1230 3003 1284 Romanos
3033 1232 3281 1300 graviora

1727 1318 1941 1388 jubere.
1977 1317 2338 1384 Quamobrem
2371 1320 2531 1375 etiam
2562 1321 2836 1390 propalam
2869 1321 2934 1374 ad
2972 1323 3091 1375 illos
3118 1323 3283 1391 proli.

1732 1410 2295 1479 ciscitnlur,apudque
2329 1410 2447 1465 illos
2482 1412 2647 1465 certis
2696 1411 3021 1480 quibusdam
3070 1422 3279 1480 tempo-

1734 1498 1889 1553 ribus
1920 1508 2226 1563 versantur,
2260 1513 2519 1567 ovcsque,
2566 1512 2620 1555 et
2659 1500 2843 1563 boves,
2897 1512 2952 1554 et
3000 1516 3186 1568 equos,
3221 1516 3285 1555 ac

1735 1590 2014 1658 pecunias.
2044 1599 2241 1644 nostra:
2277 1588 2581 1643 mercedem
2619 1590 2945 1658 proditionis
2982 1591 3281 1657 accipiunt,

1733 1680 1923 1747 eisque
1958 1689 2333 1757 cotupotantes
2371 1689 2611 1733 nostram
2647 1690 2846 1734 canunt
2881 1682 3237 1749 perditionem
3267 1701 3282 1746 ;

1734 1783 1799 1823 ac
1845 1769 2007 1839 hujus
2035 1768 2277 1830 domum.
2319 1770 2505 1824 uxoris
2542 1770 2684 1824 illius
2712 1770 2971 1838 speciem,
3001 1773 3280 1825 autetiam

1737 1859 2046 1929 pignorum,
2081 1859 2149 1913 iis
2180 1859 2471 1929 propinant
2501 1878 2515 1913 :
2560 1861 2702 1929 apud
2750 1876 2807 1914 se
2839 1872 3015 1914 autem
3058 1863 3108 1915 in
3142 1862 3286 1916 votis

79 1920 325 2017 εὔχονται
367 1920 422 2000 δέ
450 1920 602 2034 εταρά
640 1920 821 2015 epioni
849 1947 974 1999 ἰδεῖν
1002 1947 1105 1999 ὑπὸ
1134 1920 1351 1998 πάντων
1395 1962 1632 2014 προσκυ-

1736 1947 1972 2012 habent,
2008 1959 2066 2001 ut
2099 1947 2167 2001 ab
2198 1948 2463 2003 universis
2501 1951 2712 2005 adorari
2751 1952 2996 2006 homines
3044 1954 3287 2017 videant,

82 2040 367 2108 νουμένους
389 2055 401 2067 ·
438 2040 589 2092 ταῦτ’
622 2037 867 2098 είπόντες
895 2038 989 2089 καὶ
1010 2036 1312 2104 πράξαντες
1339 2035 1629 2102 ἐπανῆκον,

80 2132 478 2198 ἐνδεικνύμενοι
526 2132 639 2192 τοῖς
696 2129 944 2189 πολίταις
992 2127 1067 2189 ὡς
1112 2129 1159 2178 εἰ
1209 2126 1283 2196 μὴ
1326 2127 1631 2194 σιγήσουσι,

82 2224 212 2292 πρὸς
242 2225 369 2283 τοὺς
398 2221 659 2284 δεσπότας
692 2221 869 2273 αὐτῶν
905 2219 1215 2288 κατεροῦσι,
1251 2220 1375 2279 τοὺς
1408 2218 1637 2282 ᾁλάστοο

81 2330 177 2381 ρας
230 2312 474 2372 ἐκείνους
524 2311 623 2363 οὐκ
679 2308 961 2371 ὀκνοῦντες
996 2308 1153 2361 τοῦτο
1201 2310 1411 2362 καλεῖν.
1464 2309 1527 2361 0i
1580 2308 1637 2360 δὲ

82 2401 386 2468 φρίττουσι,
433 2400 527 2451 καὶ
557 2397 905 2466 συνεύχονται
940 2397 1116 2465 γῆρας
1161 2398 1271 2457 τοῖς
1303 2395 1524 2456 δικαίως
1570 2394 1636 2446 ἂν

79 2490 376 2559 άπαχθεῖσι
407 2487 708 2558 μνησθῆναί
734 2505 787 2539 τι
836 2490 931 2539 καὶ
975 2487 1153 2538 αὐτῶν
1199 2486 1291 2537 ἐπὶ
1332 2485 1436 2537 τῶν
1461 2485 1638 2536 πότων

80 2578 364 2649 δεόμενοι·
395 2580 490 2632 καὶ
516 2578 781 2645 τοσαύτην
826 2575 1133 2645 παρρησίαν
1169 2575 1217 2626 οἱ
1251 2572 1377 2642 παρ’
1414 2573 1638 2635 ἐκείνοις

85 2670 511 2741 μισθαρνοῦντες
564 2666 985 2737 προσειληφότες
1038 2664 1138 2717 οὐκ
1191 2662 1441 2715 ὀκνοῦσιν
1499 2662 1637 2730 ὑπὲρ

80 2762 311 2819 ἐκείνων
338 2759 562 2828 ἀναίδην
598 2755 1053 2827 δημηγοροῦντες,
1091 2756 1187 2806 καὶ
1222 2754 1397 2806 πάντα
1432 2752 1639 2805 ποιοῦνο

82 2868 194 2915 τες,
232 2852 295 2917 ἐξ
319 2848 395 2904 ὧν
432 2851 615 2911 αὐτοῖς
645 2846 955 2919 χαριοῦνται
980 2859 993 2876 ⁸
1027 2846 1162 2913 ὅπερ
1192 2845 1306 2896 ἐστὶ
1354 2844 1640 2913 προδοῦναι

81 2947 181 3013 τὴν
211 2944 389 3005 πόλιν,
414 2943 509 2994 καὶ
527 2941 746 3010 κυρίους
775 2939 1013 2999 ἐκείνους
1038 2938 1222 3006 σαφῶς
1251 2937 1466 2989 πάντων
1482 2934 1639 3000 ποιῆ-

86 3048 207 3085 σαι·
244 3031 375 3085 ὥστ’
407 3032 544 3084 είσὶν
580 3031 679 3100 ἥδη
721 3030 770 3081 oi
818 3029 956 3098 μετὰ
995 3025 1235 3079 σπονδῶν
1275 3024 1407 3091 γοῦν
1440 3022 1641 3075 ἀλῶναι

82 3123 183 3189 τὴν
219 3122 375 3172 πόλιν
419 3119 700 3188 εὐχόμενοι
770 3116 1064 3178 δεδοικότες
1108 3114 1181 3184 μὴ
1220 3112 1497 3182 φθάσωσιν
1538 3110 1643 3164 ὑπὸ

81 3213 193 3266 τῶν
224 3212 437 3280 μιαρῶν
468 3210 665 3262 τούτων
688 3189 1078 3277 προδεδομένοι.

1736 2038 1909 2105 iisque
1943 2038 2101 2092 dictis
2132 2052 2194 2092 ac
2221 2038 2377 2092 lactis
2430 2042 2629 2094 reverti
2681 2053 3159 2111 przesumpserunt,
3211 2046 3285 2099 si-

1736 2128 2053 2196 gniﬁcantes
2103 2129 2335 2193 civibus,
2370 2129 2472 2182 nisi
2528 2138 2760 2192 taceant,
2797 2133 3039 2185 dicturos
3078 2149 3135 2187 se
3173 2136 3287 2188 suis

1736 2214 2002 2276 dominis,
2037 2230 2100 2269 ac
2144 2215 2283 2284 apud
2331 2231 2424 2269 eos
2473 2217 2694 2285 gravius
2747 2230 3123 2285 accusaturos,
3175 2238 3284 2276 non

1737 2307 1989 2359 verentes
2019 2306 2187 2359 malus
2224 2306 2342 2359 illos
2375 2306 2648 2361 decuriones
2687 2323 2748 2361 ac
2778 2318 2958 2377 pestes
2984 2311 3062 2364 sic
3098 2315 3287 2380 appel—

1737 2395 1870 2451 lare.
1904 2395 1941 2447 li
1987 2410 2116 2449 vero
2146 2395 2369 2448 horrore
2411 2405 2684 2462 tenentur,
2731 2397 3027 2468 longosque
3059 2416 3256 2468 prccan

1741 2494 1829 2537 tur
1857 2498 2028 2539 annos
2058 2486 2144 2549 iis,
2174 2486 2266 2554 qui
2304 2486 2497 2539 merito
2533 2487 2615 2556 agi
2647 2486 2961 2543 debuissent
2991 2508 3004 2542 :
3037 2502 3287 2562 rogantes

1742 2584 1800 2627 ut
1828 2577 1969 2628 inter
2001 2576 2189 2643 pocula
2237 2591 2427 2630 eorum
2462 2576 2663 2645 aliquid
2721 2580 3035 2635 meminisse
3074 2582 3238 2636 velint
3274 2600 3286 2633 :

1745 2675 2059 2734 tantamque
2105 2666 2411 2720 libertatem
2444 2668 2521 2721 sic
2559 2668 2699 2738 apud
2733 2669 2855 2723 illos
2889 2681 3161 2726 merentes
3204 2688 3291 2726 as-

1744 2763 2119 2823 sumpserunt,
2158 2766 2215 2809 ut
2250 2772 2349 2811 nec
2382 2774 2478 2826 pro
2509 2760 2615 2814 illis
2644 2760 2979 2829 impudentia
3010 2777 3169 2817 orare
3201 2779 3293 2818 ve-

1744 2855 1987 2910 reantur,
2022 2848 2311 2915 omniaque
2361 2846 2561 2913 facere,
2607 2864 2673 2903 ex
2714 2851 2914 2919 quibus
2963 2853 3072 2907 illis
3128 2855 3291 2909 obse-

1742 2946 1981 3005 quantur
2009 2954 2025 3003 ;
2054 2937 2197 3006 quod
2247 2952 2331 2992 est
2358 2940 2547 2994 urbem
2578 2942 2830 3011 prodere.
2864 2958 2926 2996 ac
2956 2944 3133 3013 palam
3167 2948 3293 2998 mti-

1744 3041 2027 3080 versorum
2086 3028 2333 3083 dominos
2382 3028 2559 3083 facere
2589 3048 2602 3084 :
2634 3040 2691 3084 ut
2725 3046 2823 3085 nec
2850 3032 2960 3101 jam
2992 3034 3170 3088 desint
3200 3035 3291 3102 qui

1743 3125 1932 3185 Opteut
1962 3115 2063 3170 sub
2093 3115 2265 3185 pactis
2296 3117 2414 3184 capi
2444 3116 2740 3181 civitatem,
2780 3119 3034 3173 timentes
3062 3136 3131 3175 ne
3175 3137 3292 3177 scc-

1744 3206 1895 3261 lestis
1927 3205 2044 3260 istis
2083 3204 2435 3259 traditorihus
2472 3208 2745 3275 contingat
2774 3211 3045 3276 occupari.

149 3266 342 3366 06.1w);
374 3304 452 3364 είς
482 3301 684 3371 ἄπορόν
711 3266 833 3352 τινα
862 3266 1027 3365 τύχην
1055 3298 1125 3351 τὰ
1158 3298 1311 3351 κοινὰ
1343 3295 1639 3365 συνηλάθη,

1768 3366 1773 3373 ι
1816 3296 1909 3352 Sic
1940 3297 2155 3365 publica
2186 3311 2274 3351 res
2306 3297 2358 3349 in
2403 3306 2669 3349 extremas
2716 3300 2976 3365 qunsdam
3021 3303 3297 3370 angusﬁas

83 3399 179 3450 καὶ
208 3395 351 3449 οὕτω
373 3394 432 3445 τὸ
456 3392 571 3462 μετ’
590 3388 897 3458 ἐλευθερίας
925 3388 1024 3458 ζῇν
1053 3387 1149 3440 τοῦ
1172 3389 1356 3440 λοιποῦ
1378 3387 1439 3439 ἐν
1463 3404 1516 3438 τι
1536 3387 1646 3439 τῶν

80 3485 363 3540 ἀδυνάτων
391 3482 565 3535 δοκεῖ·
600 3482 676 3541 είς
706 3480 841 3548 ὅπερ
875 3479 1017 3547 ὑμᾶς
1066 3478 1127 3529 τὸ
1158 3477 1225 3529 τὰ
1263 3477 1360 3545 μὲν
1398 3475 1646 3545 καθημέ-

84 3596 189 3645 ραν
216 3571 576 3639 ἐλαττώματα
605 3567 945 3638 διορθοῦσθαι
976 3566 1214 3636 νομίζειν
1243 3566 1555 3635 περίεργον,
1587 3563 1649 3616 τὸ

79 3669 139 3721 δὲ
199 3667 343 3733 μετά
394 3660 675 3731 ῥᾳστώνης
719 3660 1005 3728 παρελθεῖν
1035 3658 1132 3725 τὴν
1165 3658 1376 3726 ἡμέραν
1420 3657 1648 3724 ἀνδράσι

80 3757 369 3827 προσῆκον
394 3750 736 3818 λογίζεσθαιο
761 3752 850 3800 καὶ
880 3751 1005 3811 τοὺς
1030 3737 1135 3817 ’μὲν
1165 3748 1200 3801 ἃ
1224 3748 1305 3799 δεῖ
1323 3747 1647 3818 παραινοῦνο

76 3866 181 3909 τας
233 3848 445 3915 λήρους·
463 3843 667 3905 καλεῖν,
697 3841 804 3901 τοῖς
835 3840 889 3891 δὲ
914 3841 1031 3900 ταῖς
1070 3838 1226 3907 ἡμῶν
1242 3840 1460 3906 ἡδοναῖς
1494 3854 1650 3891 συνα.

76 3933 490 4004 γωνιζομένους
512 3925 647 3982 ἆθλα
668 3928 951 3997 θαυμαστά
996 3927 1304 3997 προτιθέναι
1340 3929 1646 3999 προήγαγε.

76 4027 199 4080 Καὶ
233 4025 374 4094 πρός
412 4038 477 4089 γε
517 4021 599 4073 ἔτι
628 4021 688 4072 τὸ
721 4021 842 4082 τοὺς
876 4022 971 4087 μὲν
1001 4019 1248 4088 φανερῶς
1282 4020 1650 4089 πολεμοῦντας

76 4111 409 4183 ἀνέχεσθαι,
459 4110 553 4161 καὶ
594 4108 866 4160 πιστεύειν
896 4107 1228 4173 ἐξαπατῶσι,
1282 4109 1405 4169 τοὺς
1439 4108 1495 4159 δέ
1531 4107 1649 4174 μεθ’

76 4205 256 4275 ἡμῶν
304 4199 594 4255 τάττεσθαι
650 4200 743 4251 καὶ
800 4201 1102 4267 συμμαχεῖν
1153 4198 1647 4267 ἐπαγγελλομένους

75 4293 459 4350 ὑποπτεύειν·
494 4290 590 4342 καὶ
621 4287 800 4357 ζητεῖν
826 4289 1125 4356 προφάσεις
1138 4288 1265 4339 ὅθεν
1291 4288 1523 4355 λύσομεν
1554 4288 1649 4347 τάς

78 4381 461 4457 φιλίας.’Ᾱλλ’
479 4380 575 4433 ἐὰν
595 4380 703 4430 τῶν
733 4377 994 4446 πρότερον
1020 4377 1398 4444 καταγνόντες,
1426 4380 1534 4438 τοῖς
1556 4376 1650 4429 νῦν

73 4476 249 4546 παρά
284 4472 418 4526 Θεοῦ
456 4467 754 4536 δεδομένοις
789 4466 1140 4535 χρησώμεθα,
1179 4468 1271 4519 καὶ
1301 4470 1425 4529 τοὺς
1468 4466 1650 4519 ἀνθελ-

1702 3448 1707 3451 _
1748 3386 1962 3441 redacta
1990 3397 2096 3450 est,
2129 3386 2313 3455 sicque
2341 3386 2597 3453 deinceps
2630 3387 2831 3442 liberos
2876 3390 3057 3445 vivere
3091 3392 3299 3461 impos-

1747 3476 2000 3530 sibilibus
2028 3477 2428 3531 accenseudum
2458 3477 2672 3530 videtur
2698 3496 2713 3543 ;
2744 3480 2798 3532 in
2830 3495 2965 3548 quas
3004 3498 3102 3536 nos
3128 3499 3298 3553 angu-

1747 3568 1879 3621 stias
1905 3566 2157 3637 conjecit,
2186 3576 2297 3618 tum
2326 3567 2468 3635 quod
2500 3566 2798 3620 accidentia
2827 3576 2963 3623 mala
2992 3570 3297 3643 damnaque

1749 3659 2150 3727 neglexerimus
2196 3672 2293 3710 ceu
2353 3672 2465 3711 rem
2510 3658 2834 3726 superﬂuam
2880 3662 3172 3716 emendare
3222 3682 3285 3718 ac

1750 3748 2097 3810 instaurare;
2153 3756 2264 3801 tum
2315 3747 2459 3816 quod
2507 3747 2647 3801 diem
2716 3750 2826 3804 otio
2891 3754 3188 3821 transigere
3233 3770 3297 3807 an

1752 3837 2001 3906 ignavia,
2053 3837 2198 3890 viros
2246 3836 2442 3890 decere
2492 3844 2846 3905 putaremus;
2891 3854 2954 3893 ac
3014 3852 3297 3917 monentes

1750 3929 1969 3996 quidem
2029 3943 2149 3996 qua:
2211 3942 2390 3996 opera:
2438 3927 2668 3996 pretium
2713 3936 2917 3992 essent,
2968 3929 3298 3986 haberemus

1751 4019 1945 4072 stultos
1972 4035 1987 4082 ;
2024 4019 2090 4071 iis
2116 4030 2293 4071 autem
2327 4017 2419 4086 qui
2444 4017 2811 4085 voluptatibus
2843 4019 3296 4075 adblandirentur

1753 4108 1974 4171 nostris,
2011 4108 2265 4177 praeclara
2299 4106 2543 4176 qumdam
2586 4108 2801 4175 praemia
2826 4111 3101 4177 proposita
3134 4112 3300 4164 Velle-

1719 4191 1723 4194 ’
1753 4212 1887 4251 mus.
1921 4197 1999 4251 Ad
2029 4198 2141 4251 haec
2164 4208 2364 4261 autem,
2392 4197 2532 4265 quod
2563 4198 2875 4251 manifestos
2904 4199 3085 4254 hostes
3133 4204 3301 4254 susti-

1752 4300 2023 4349 neremus,
2053 4300 2115 4339 ac
2156 4285 2557 4353 decipientibus
2609 4287 2939 4340 haberemus
2970 4285 3128 4341 ﬁdem
3156 4304 3170 4351 ;
3207 4304 3300 4343 eos

1754 4386 1934 4429 autem
1967 4377 2057 4444 qui
2103 4375 2261 4429 nobis
2306 4376 2647 4439 accedentes,
2682 4376 2807 4430 belli
2853 4390 2909 4432 se
2960 4378 3141 4432 socios
3185 4378 3301 4433 fore

1753 4466 2161 4529 pollicebantur,
2190 4465 2534 4520 habuerimus
2566 4477 2867 4536 suspectos,
2898 4482 2961 4522 ea
2996 4480 3300 4533 causantes,

75 4568 335 4627 κοῦντας
366 4560 587 4621 τούτους
640 4552 1094 4624 ἀποσεισάμενοι,
1126 4559 1215 4610 καὶ
1245 4560 1449 4626 γραυσὶ
1484 4557 1654 4610 ταῦτα

1728 4594 1729 4605 χ
1758 4555 1957 4623 quibus
1986 4556 2251 4608 amicitias
2274 4549 2713 4611 dissolveremus.
2735 4556 2935 4611 Verum
2972 4568 3029 4611 ut
3056 4561 3302 4628 priurum

81 4654 587 4727 μυῦσλογήσαντας
632 4649 1075 4718 ἀποπέμψαντες,
1104 4647 1192 4700 τδν
1223 4649 1444 4714 ἔσχατον
1472 4646 1657 4698 τοῦτον

81 4748 242 4814 ὺπέρ
281 4744 380 4812 τῆς
410 4745 592 4813 κοινῆς
622 4741 890 4811 σωτηρίας
920 4738 1106 4806 ἀγῶνα
1127 4736 1497 4804 ἀγωνίσασθαι
1539 4736 1659 4803 βου·

76 4840 330 4907 ληθῆτε,
381 4830 554 4902 οἶμαι,
596 4834 687 4884 καὶ
726 4832 821 4883 σὺν
858 4830 976 4897 Θεῷ
1012 4828 1156 4879 τοῦτ’
1203 4828 1459 4899 εἰρήσθω,
1499 4828 1559 4879 οὐ
1590 4828 1661 4878 .τά

78 4930 238 4981 obeat.
290 4924 469 4993 μόνον,
523 4922 656 4975 ἀλλά
690 4921 785 4973 καὶ
836 4919 904 4970 τά
939 4920 1271 4987 πορρωτάτω
1304 4919 1478 4980 καλῶς
1519 4920 1660 4980 ἕξειν

74 5019 229 5088 ημῖν
246 5031 265 5046 ⁸
292 5014 385 5067 καὶ
414 5012 489 5081 μὴ
510 5013 581 5081 τῇ
606 5010 823 5079 πατρίδι
850 5009 1006 5078 μόνον
1024 5006 1321 5060 ἀνασώσειν
1354 5010 1414 5060 τὸ
1445 5009 1660 5061 πάντων

73 5103 439 5172 ἀντίρροπον
468 5098 565 5168 τὴν
600 5095 934 5164 ἐλευθερίαν,
964 5094 1098 5147 ἀλλά
1144 5097 1236 5148 καί.
1275 5095 1532 5147 πλειόνων
1565 5097 1662 5163 ἀρ·

74 5193 205 5259 εειν
241 5191 289 5259 ἢ
342 5191 633 5260 πρότερον
668 5187 762 5241 καὶ
793 5186 999 5248 πάντας
1039 5185 1163 5247 τοὺς
1196 5187 1324 5254 πρὶν
1382 5186 1471 5253 ὑφ’
1516 5187 1661 5256 ἡμᾶς

75 5282 171 5350 ἐφ’
197 5280 371 5349 ’ἡμᾶς
400 5279 710 5347 ἐπανήξειν,
736 5276 830 5329 καὶ
856 5275 1061 5337 πάντας
1085 5274 1188 5327 ὑπὸ
1214 5276 1337 5337 τοὺς
1364 5278 1663 5345 ἡμετέρους

74 5370 333 5426 ἔσεσθαι
382 5370 578 5437 νόμους
600 5407 615 5433 ,
644 5372 737 5421 και
778 5366 1044 5435 πανταχοῦ
1077 5368 1188 5428 τοῖς
1215 5366 1506 5436 βαρϐάροις
1536 5368 1665 5419 ἀνα-

76 5462 487 5533 θαῤῥήσοντας
517 5458 890 5529 ἐπιθήσεσθαι.
916 5457 1031 5510 Νῦν
1067 5459 1163 5527 μὲν
1191 5457 1300 5527 γάρ
1327 5459 1470 5526 ἡμᾶς
1502 5457 1665 5527 ὀρῶν·

74 5572 180 5620 τες
220 5549 678 5621 κατεπτηχότας,
713 5551 933 5612 εἰκότως
968 5550 1343 5619 συστέλλονται
1370 5550 1462 5600 καὶ
1487 5549 1664 5611 αὐτοὶ,

76 5650 185 5703 καὶ
226 5645 345 5712 τῆς
377 5642 624 5702 δουλείας
649 5641 947 5709 ἀνέχονται,
980 5639 1208 5708 δρῶντες
1240 5638 1362 5697 τοὺς
1406 5638 1665 5698 δεσπότας

80 5716 609 5801 ἀνακεχωρηκότας
641 5729 748 5781 τῶν
778 5729 1114 5798 πραγμάτων
1138 5742 1152 5765 -'
1191 5726 1255 5778 ἂν
1285 5724 1327 5775 δ’
1358 5726 1550 5793 δρῶσιν
1575 5726 1665 5777 άν-

80 5825 399 5883 τιϐλέπειν
453 5820 859 5889 τολμήσαντας,
912 5819 1003 5871 καὶ
1057 5816 1208 5868 αὐτοὶ
1256 5815 1553 5866 συνοίσουσι
1602 5813 1665 5866 τά

1761 4643 2099 4713 pmnitudine
2142 4643 2327 4709 ducti,
2379 4644 2574 4699 oblatis
2632 4661 2776 4700 nunc
2825 4647 2916 4701 Dei
2964 4650 3305 4716 providentia

1762 4733 2095 4801 voluerimus
2126 4734 2226 4795 uti,
2269 4733 2444 4802 iisque
2481 4736 2713 4815 repulsis
2740 4739 2831 4806 qui
2874 4752 3029 4792 secus
3064 4740 3304 4800 trahunt.

1762 4840 1825 4879 ac
1851 4826 1916 4877 ad
1941 4839 2099 4886 anus,
2123 4823 2321 4888 quibus
2346 4838 2442 4877 eas
2470 4824 2680 4878 fabulas
2710 4837 2953 4885 narrent.
2982 4829 3304 4891 amendatis,

1761 4929 2075 4982 supremum
2117 4914 2221 4966 hoc
2257 4929 2355 4980 pro
2381 4913 2552 4966 salute
2589 4917 2860 4967 communi
2891 4918 3157 4969 desudare
3185 4933 3307 4971 cei—

1763 5018 1964 5069 tamen,
1997 5006 2109 5059 fore
2160 5016 2341 5073 spero,
2376 5004 2518 5066 quod
2554 5007 2625 5057 sit
2654 5007 2852 5059 dictum
2883 5008 3005 5058 'Den
3064 5012 3305 5085 auspice,

1764 5109 1823 5152 ut
1855 5098 2055 5151 nedqu
2079 5096 2386 5150 domesticae
2414 5111 2497 5151 res
2524 5098 2658 5151 bene
2690 5098 2845 5152 nobis
2879 5101 3144 5155 habitura:
3175 5103 3304 5162 sint.

1760 5202 1952 5243 verum
1979 5187 2140 5242 etiam
2170 5200 2332 5253 quam
2383 5186 2697 5252 longissime
2726 5188 2955 5253 positas;
2999 5197 3163 5256 utque
3198 5205 3305 5241 non

1763 5278 1937 5330 solum
1990 5277 2177 5344 patria:
2224 5284 2420 5327 sartum
2454 5284 2649 5327 tectum
2700 5291 3001 5342 servemus,
3040 5278 3305 5331 universis

1763 5367 2179 5434 comparabilem
2232 5380 2294 5417 ac
2343 5364 2713 5418 :estimabilcm
2776 5366 2942 5433 magis
2974 5367 3303 5428 libertatem,

1765 5456 1857 5511 sed
1877 5457 2044 5511 etiam
2086 5456 2330 5523 pluribus
2370 5438 2737 5523 imperemus;
2771 5470 3067 5523 omnesque
3097 5455 3303 5523 pridein
3328 5442 3340 5453 ’

1766 5547 1922 5600 nobis
1954 5545 2179 5616 suLjecti
2209 5545 2274 5598 ad
2324 5560 2423 5598 nos
2454 5555 2815 5609 revertantur,
2850 5547 3159 5614 nostrisque
3191 5548 3306 5599 u--i-

1765 5637 1904 5689 versi
1935 5636 2141 5703 legibus
2165 5635 2526 5702 subjiciuntur
2552 5652 2564 5695 ;
2592 5653 2654 5688 ac
2680 5622 2892 5688 «lenium
2928 5645 2985 5687 ut
3013 5636 3158 5687 omni
3191 5636 3307 5687 loco

1767 5726 1962 5780 ﬁducia
1992 5726 2156 5793 pleni,
2181 5726 2364 5779 hostes
2400 5726 2732 5780 invadamus.
2764 5725 2917 5778 Modo
2940 5725 3161 5801 quidem
3185 5742 3307 5778 eum

1768 5830 1868 5870 nos
1901 5815 2156 5871 attonitos
2180 5814 2417 5878 videant,
2449 5817 2642 5869 merito
2671 5825 2725 5867 ct
2760 5815 2856 5881 ipsi
2888 5816 3306 5873 contrahuntur.
