4166 6330
742 358 879 421 ’1007
1980 352 2365 413 DEMETRII
2408 353 2719 414 CYDONII
3645 378 3652 385 ·
3822 356 3968 422 1008

742 486 805 525 ac
834 470 1039 525 servire
1075 467 1369 533 sustinent,
1413 463 1662 519 videntes
1712 463 1965 521 dominos
2012 465 2306 522 recessisse
2335 470 2379 527 Α
2413 465 2604 520 tanta»

2413 465 2644 521 ἑαυτῶν.
2671 466 2743 520 Οὐ
2772 464 2968 536 μικρὸν
2998 465 3124 529 (issi
3150 468 3256 530 τοῖς
3285 464 3578 537 βαρϐάροις
3611 467 3803 531 ἔξωθεν
3832 466 3968 537 βλα-

743 576 770 612 a
818 560 1005 614 rebus.
1042 556 1137 612 Sin
1190 565 1371 608 autem
1405 564 1593 607 contra
1640 568 1803 609 ausos
1851 554 2123 623 respicere
2157 554 2306 609 vide.
2412 556 2604 625 mopéi

2412 556 2719 625 σπομένοις,
2774 559 2867 609 καὶ
2896 558 2965 608 τὰ
3016 560 3165 622 παρὰ
3206 556 3310 609 τῶν
3356 558 3568 610 οἰκείων
3610 559 3817 621 τούτοις
3861 559 3967 609 οὐκ

744 648 873 707 rint,
900 648 1063 701 etiam
1088 643 1188 713 ipsi
1218 642 1520 707 conferent,
1540 658 1658 710 qute
1688 650 1815 696 sunt
1844 642 2111 712 ipsorum.
2148 643 2301 698 Haud

2413 646 2702 712 ὴρεμήσει.

743 754 874 791 vero
924 737 976 789 id
1057 736 1329 789 modicum
1399 742 1459 809 ut
1508 732 1761 788 Barbaris
1811 744 2039 788 externa
2081 734 2221 789 lassis
2280 736 2673 803 impressione,
2742 752 2847 791 nec
2889 752 3007 805 quas
3054 753 3084 791 a
3137 738 3251 792 suis
3303 738 3501 791 habent
3545 739 3725 808 quieta
3758 740 3970 795 consti-

654 840 659 843 '
745 827 929 880 tcrint.

818 916 1108 971 Enimvero
1162 924 1222 969 ut
1275 914 1609 977 rumoribus,
1660 930 1722 969 ac
1755 915 1822 970 iis
1871 930 1991 984 quae
2023 917 2299 972 communi

745 1005 1000 1059 feruntur
1042 1006 1204 1070 fama,
1239 1004 1443 1075 aliquid
1492 1005 1559 1059 ad
1598 1005 1758 1060 (idem
1792 1006 2031 1061 dandum
2064 1010 2154 1073 sit,
2185 1016 2303 1063 erat

747 1097 1025 1151 oraculum
1056 1098 1355 1165 quoddam,
1395 1108 1655 1151 venturos
1690 1114 1717 1151 a
1769 1098 1904 1151 mari
1954 1113 2018 1151 ac
2053 1099 2301 1168 Alpibus,

746 1189 839 1256 qui
892 1189 1079 1242 urbem
1127 1203 1190 1243 ac
1224 1204 1323 1242 nos
1371 1188 1538 1242 ulturi
1587 1200 1790 1253 essent,
1852 1188 2074 1257 foreque
2111 1199 2169 1243 ut
2208 1206 2303 1244 eos

747 1293 938 1332 omnes
969 1278 1301 1343 videremus,
1333 1277 1693 1332 Barbarorum
1748 1279 1797 1332 vi
1840 1288 2107 1347 prostrata
2139 1291 2302 1349 atque

748 1372 967 1440 injuria.
1000 1369 1345 1438 postmodum
1401 1371 1508 1422 illis
1551 1370 1758 1422 servire
1796 1379 2073 1437 cogentes,
2108 1369 2306 1437 quibus

748 1461 902 1529 prius
924 1462 1369 1530 imperavissent:
1402 1448 1645 1527 adeoque
1674 1459 1895 1512 Barbari
1928 1468 2131 1512 metunt
2162 1458 2308 1513 hunc

748 1569 963 1620 semper
996 1552 1190 1605 animis
1239 1552 1509 1621 vigentem
1544 1550 1765 1610 habent.
1801 1558 1860 1603 ut
1894 1550 2202 1619 ubicunque
2236 1551 2304 1605 ad

748 1641 1161 1695 deliberandum
1189 1641 1574 1703 convenerint,
1614 1640 1715 1694 hoc
1765 1639 2029 1706 obtineat,
2072 1641 2214 1695 haud
2250 1643 2304 1695 in

2488 920 2644 972 Ἀλλὰ
2678 921 2779 990 μὴν
2810 920 2862 972 εἴ
2886 937 2935 974 τι
2961 919 3040 971 δεῖ
3064 921 3181 983 ταῖς
3208 926 3414 989 φῇμαις
3436 920 3528 972 καὶ
3560 924 3668 982 τοῖς
3694 925 3841 990 κοινῇ
3874 922 3966 973 λε·

2405 1010 2651 1077 γομένοις
2679 1010 2776 1060 οὐκ
2807 1009 3071 1073 ἀπιστλν,
3098 1005 3164 1077 ἦν
3195 1026 3245 1061 τι
3274 1011 3448 1076 λόγιον
3470 1010 3531 1061 ὲκ
3559 1007 3649 1059 τοῦ
3688 1009 3959 1075 πελάγους

2405 1100 2496 1153 καὶ
2526 1101 2631 1153 τῶν
2662 1100 2910 1152 Ἄλπεων
2940 1100 3235 1169 ἦξεινδτοὺς
3262 1104 3326 1167 τῇ
3361 1099 3507 1151 πόλει
3542 1100 3635 1153 καὶ
3655 1100 3785 1168 ἡμῖν
3818 1102 3968 1165 ἀμυ-

2406 1190 2662 1251 νοῦντι;’
2719 1190 2811 1241 καὶ
2864 1190 3085 1248 τούτους
3138 1189 3336 1249 πάντες
3375 1185 3513 1238 εἶδον
3562 1189 3659 1257 τὴν
3707 1188 3805 1255 μὲν
3850 1189 3971 1239 τῶν

2410 1280 2702 1349 βιρῆὰρων
2744 1280 2901 1349 ὖὸριν
2964 1280 3259 1348 στορὲσειν,
3302 1279 3631 1345 ἀναγκάσειν
3685 1278 3729 1330 δ’
3767 1278 3972 1337 αὐτοὺς

2405 1371 2626 1439 ὕστερον
2664 1370 2952 1431 δουλεύειν,
2987 1364 3060 1423 ὧν
3098 1371 3361 1438 πρότερον
3410 1365 3576 1438 ἦρχον
3600 1385 3613 1399 '
3648 1370 3743 1419 καὶ
3791 1368 3973 1428 οὕτως

2404 1462 2609 1520 ἐνταῖς
2641 1459 2745 1509 τῶν
2780 1458 3071 1527 βαρϐάρων
3099 1457 3294 1526 ψυχαῖς
3329 1457 3573 1525 ἧκμσζεν
3605 1457 3690 1507 ἀεὶ
3716 1456 3872 1507 τοῦτο
3910 1456 3974 1505 τὸ

2400 1547 2539 1611 δέος,
2605 1546 2736 1599 ὥσθ’
2770 1549 2930 1600 ὁπότε
2992 1546 3332 1607 συνελθόντες
3394 1546 3748 1614 βουλεύοιντο,
3808 1546 3975 1598 τοῦτο

2402 1638 2576 1705 νικᾷν,
2616 1639 2689 1706 μὴ
2720 1638 2829 1689 δεῖν
2862 1639 3005 1705 πέρα.
3033 1637 3125 1689 τοῦ
3160 1623 3381 1705 μετρξοὺ
3433 1639 3499 1706 τῇ
3539 1637 3671 1702 πρὶς
3698 1638 3843 1703 ἡμᾶς
3873 1653 3975 1687 κε-

750 1748 847 1785 nos
898 1732 1309 1786 immoderatius
1353 1746 1475 1786 esse
1524 1730 1709 1799 iniqua
1760 1732 2043 1785 vexatione
2076 1730 2305 1785 abuten-
2337 1724 2377 1779 Β
2407 1728 2604 1799 χρῆσθα

2408 1728 2637 1799 χρῆσθκι
2669 1728 2975 1798 πλεονεξίᾳ·
3004 1726 3136 1779 ἀλλὰ
3168 1728 3304 1779 κατὰ
3336 1727 3528 1793 μικρὸν
3550 1728 3693 1795 ἡμᾶς
3718 1727 3971 1790 ἀναλοῦν,

748 1827 901 1890 dum,
934 1827 1026 1879 sed
1081 1827 1337 1894 paulatim
1368 1841 1488 1880 esse
1522 1827 1952 1890 consumendos,
1988 1842 2086 1881 nec
2134 1830 2186 1881 in
2216 1827 2309 1883 de-
2407 1820 2529 1890 μηδ’
2563 1823 2595 1873 ἀ

2408 1820 2529 1890 μηδ’
2563 1818 2871 1885 ἀπόγνωσιν
2914 1820 3043 1886 ἡμῖν
3084 1819 3351 1885 ἐμποιεῖν,
3392 1816 3530 1868 (ints
3572 1816 3645 1885 μὴ
3685 1819 3971 1879 παντελῶς

752 1918 1117 1986 spcrationem
1151 1917 1441 1985 cogendos,
1478 1932 1545 1969 ne
1569 1918 1793 1970 omnino
1826 1917 1913 1969 illa
1950 1918 2213 1983 persuasi,
2242 1918 2308 1971 ad
2405 1912 2604 1978 ὰπογνό

2408 1912 2760 1978 ἀπογνόντας.
2800 1911 2893 1962 ἐπὶ
2922 1910 3143 1967 τούτους
3181 1910 3563 1975 καταφεύγειν,
3604 1908 3654 1960 οἶ
3690 1909 3784 1961 νῦν
3812 1910 3973 1961 αὖτ’]-

749 2022 845 2062 eus
897 2008 1294 2075 confugiamus,
1344 2008 1438 2075 qui
1479 2007 1642 2061 modo
1690 2018 1885 2076 sponte
1922 2007 2146 2071 adsunt,
2194 2018 2310 2062 tan-

749 2114 913 2167 quam
946 2114 1009 2151 co
1034 2108 1232 2151 eventu
1288 2096 1422 2151 nihil
1473 2097 1575 2150 illis
1621 2097 1898 2166 expeditio
1938 2112 2000 2151 ac
2032 2098 2311 2151 contentio

752 2188 1093 2249 conducibile
1128 2188 1385 2240 habeant.
1410 2186 1605 2240 Fausto
1638 2188 1821 2255 itaque
1856 2200 2013 2242 omen
2045 2187 2309 2257 suscipia-

754 2291 892 2334 nins.
923 2279 1008 2330 cui
1049 2288 1103 2331 et
1136 2278 1317 2331 hostes
1348 2277 1601 2347 sullragio
1632 2278 1939 2341 accedant;
1976 2292 2077 2331 nec
2118 2293 2305 2331 eorum

754 2380 875 2421 vota
911 2376 1020 2419 rata
1055 2368 1337 2420 iaciamus.
1367 2366 1577 2434 Quippe
1612 2366 1877 2420 absonum
1904 2367 2097 2419 merito
2125 2367 2311 2420 videa-

758 2467 862 2515 tur,
900 2465 957 2507 ut
991 2454 1113 2509 cum
1164 2456 1236 2507 illi
1278 2455 1523 2519 timeant,
1561 2469 1735 2522 exque
1787 2462 1952 2519 metu,
1990 2452 2134 2506 donii
2172 2456 2319 2507 viros

755 2563 974 2600 manere
1018 2556 1326 2613 precentur,
1381 2547 1599 2599 eosdem
1657 2546 1757 2614 ipsi
1808 2546 2091 2599 venientes
2130 2546 2317 2613 prohi-

757 2641 998 2695 beamus.
1034 2644 1222 2705 sicque
1276 2634 1513 2689 hostium
1580 2636 1866 2703 cupiditati
1902 2637 2180 2705 cooperari
2240 2638 2318 2687 \i-

2410 2018 2568 2071 ματοι
2600 2000 2963 2070 πάρεισιν,ὡς
2996 1998 3103 2051 τότ’
3138 2000 3318 2058 αὐτοῖς
3351 1999 3721 2063 ἀντεπεξιὲνςιι
3748 2002 3843 2051 καὶ
3875 2018 3974 2067 φι-

2407 2092 2664 2144 λονεικεῖν
2697 2094 2755 2142 ού
2774 2093 3033 2143 συνοῖδον.
3063 2091 3349 2158 Δεχώμεῦξι
3377 2090 3433 2141 δὲ
3464 2093 3550 2141 τὸν
3580 2091 3764 2141 οἰιυνδν
3789 2092 3971 2160 ἀγαθῇ

2414 2184 2569 2252 τύχῃ,
2600 2177 2642 2249 ᾧ
2667 2184 2759 2256 xui.
2786 2182 3018 2248 τὰπαρὰ
3048 2182 3152 2231 τῶν
3183 2180 3390 2250 ἐχθρῶν
3418 2179 3846 2248 συμψηφίςετιν
3875 2180 3979 2234 καὶ

2420 2275 2492 2340 μὴ
2520 2273 2706 2340 κουρίας
2735 2274 2830 2333 τὰς
2863 2271 3023 2338 εὐχὰς
3058 2272 3169 2331 τοῖς
3195 2270 3489 2337 βαρὸάροις
3515 2270 3775 2336 ποιῶμεν.
3810 2271 3979 2320 Ἀτο-

2417 2383 2515 2415 πον
2548 2366 2650 2432 γὰρ
2680 2364 2900 2415 ἐκείνων
2932 2361 3102 2411 ταῦτα
3136 2362 3548 2429 πεφοϐημένων,
3578 2364 3669 2413 καὶ
3698 2361 3785 2413 διὰ
3815 2362 3979 2415 τοῦτο

2416 2456 2720 2524 εὐχομένων
2760 2453 2895 2504 οἶκοι
2938 2453 3118 2521 μένειν
3157 2453 3281 2512 τοὺς
3320 2452 3537 2519 ἄνδρας,
3570 2453 3713 2519 ἡμᾶς
3742 2453 3979 2504 κωλύειν

2417 2549 2609 2607 αὐτοὺς
2635 2546 2865 2614 ἣκοντας
2886 2559 2899 2573 ο
2939 2543 3030 2595 καὶ
3060 2542 3199 2594 οὕτω
3224 2543 3331 2603 τοῖς
3361 2541 3636 2609 πολεμίοις
3668 2558 3981 2609 συγκατερ-

2418 2637 2678 2703 γάζεσθιι
2705 2636 2877 2686 δοκεῖν
2902 2633 2996 2701 τὴν
3028 2633 3343 2702 ἐπιθυμίαν.

757 2730 1001 2780 dcasiiur.

862 2910 2387 2925 "MMJ—‘M—r
2406 2914 3005 2942 ~»—~-————-#-::
3024 2915 3299 2924 Δ-υ--------ι

804 2917 855 2928 ρ.-

794 2932 855 2942 ο..-

1552 3040 1957 3127 MONITUM
1990 3065 2087 3127 IN
2128 3063 2287 3125 ORA
2301 3064 2623 3126 TIONEM
2662 3066 3184 3140 SEQUENTE»!

2152 3212 2420 3273 (COMBEFIS.
2462 3210 2601 3272 ibid.)

846 3438 1009 3490 Multa
1041 3435 1308 3491 Laonicus
1338 3435 1406 3491 de
1437 3435 1704 3507 Gallipoli,
1734 3451 1893 3506 quam
1923 3437 2016 3490 lib.
2051 3452 2103 3490 tv
2131 3435 2285 3488 πόλιν
2310 3435 2598 3502 εὐδαίμονα
2630 3444 2806 3489 vocat.
2850 3434 3159 3491 Teuucrant
3200 3446 3408 3505 tempus
3450 3436 3668 3509 aliquod
3703 3441 3983 3509 Catalani,

766 3534 958 3588 Turczc
991 3534 1043 3585 in
1086 3531 1357 3598 Europam
1392 3532 1844 3594 transmittentes,
1881 3532 1994 3584 fere
2035 3534 2087 3583 in
2118 3546 2200 3593 ea,
2234 3530 2448 3583 urbium
2483 3530 2711 3597 primam
2748 3544 2859 3582 sua:
2887 3530 3111 3585 ditionis
3160 3532 3418 3599 fecerant,
3467 3550 3638 3604 eaque
3673 3538 3824 3605 potiti
3887 3541 3996 3597 im-

767 3629 971 3681 mensis
1001 3627 1262 3695 deinceps
1297 3626 1543 3681 clatibus
1576 3626 1888 3709 Graecorum
1922 3626 2311 3694 rempublicam
2340 3618 2635 3696 aﬂccerant
2667 3642 2680 3677 :
2716 3641 2945 3692 quorum
2976 3628 3084 3695 jam
3116 3628 3217 3680 sub
3250 3628 3493 3698 Bajazete
3523 3633 3765 3703 reliQuize
3789 3640 3995 3694 deleta:

762 3732 969 3783 essent,
1004 3737 1065 3774 ac
1094 3730 1249 3789 capta
1286 3719 1809 3789 Constantinopolis,
1842 3722 1946 3775 nisi
1982 3720 2239 3775 Temeres
2272 3720 2468 3789 Scytha
2503 3720 2755 3773 eumdem
2805 3721 3094 3777 delevisset
3132 3738 3194 3779 ac
3249 3730 3512 3781 tantillum
3550 3730 3649 3783 sub
3680 3731 3994 3789 Machmcte

761 3817 880 3883 ejus
914 3814 1022 3867 lilio
1054 3827 1329 3880 respirare
1363 3813 1600 3867 sivisset.
1638 3812 1713 3867 Eo
1750 3813 2021 3866 exstincto
2048 3828 2110 3867 ac
2138 3812 2396 3865 Amurate
2429 3813 2648 3865 ineunte
2685 3814 2997 3881 imperium,
3023 3819 3071 3869 ei
3120 3818 3288 3872 Graeci
3336 3819 3672 3889 Mustapham
3706 3822 3997 3889 objecere,

766 3924 891 3959 t‘um
932 3922 1039 3975 quo
1077 3910 1240 3961 etiam
1282 3916 1547 3975 ceperunt
1593 3906 1898 3977 Callipolim
1935 3908 2109 3961 eidem
2160 3909 2448 3961 facientem
2497 3906 2881 3970 deditionem:
2937 3913 3100 3981 idque
3153 3930 3319 3966 unum
3370 3914 3483 3969 fere
3552 3914 3722 3969 Graeci
3777 3920 3998 3985 praemii

762 4002 885 4052 loco
914 3998 1234 4052 videbantur
1273 4014 1303 4050 a
1339 3997 1624 4067 Mustapha
1653 4000 1892 4067 exigere,
1928 4006 1987 4050 ut
2016 4014 2205 4051 eorum
2258 3998 2539 4071 Callipolis
2574 4003 2797 4057 ditionis
2845 4006 3034 4069 ﬁeret;
3067 4006 3209 4072 quod
3256 4015 3430 4059 tamen
3465 4006 3652 4060 Turcze
3680 4021 3795 4061 carl
3835 4009 4001 4063 inco-

763 4096 937 4146 lcntcs
980 4093 1259 4161 :egerrime
1297 4091 1583 4157 ferebant;
1637 4108 1699 4145 ac
1752 4108 1854 4147 nec
1898 4094 2241 4167 acquievisse
2286 4098 2585 4167 Mustapha:
2633 4098 2838 4151 volenti
2891 4098 3127 4161 tradere,
3177 4100 3337 4152 tradit
3384 4098 3689 4168 Laouicus;
3739 4118 3997 4172 praesens

767 4195 946 4238 tamen
980 4184 1323 4247 deliberatio,
1358 4185 1521 4253 pleno
1551 4188 1674 4252 jure
1706 4186 2010 4259 subiectam
2071 4191 2276 4245 Graecis
2328 4192 2602 4245 civitatem
2646 4191 2861 4245 videtur
2901 4191 3244 4261 signiﬁcare;
3296 4208 3396 4246 nec
3454 4207 3519 4245 eo
3566 4196 3725 4247 modo
3765 4207 3993 4265 captain

766 4295 877 4345 quo
908 4279 1059 4343 ponit
1091 4276 1383 4339 Laonicus,
1413 4278 1505 4332 sed
1540 4295 1570 4335 a
1592 4280 1811 4337 Latinis
1833 4298 1894 4338 ac
1920 4268 2144 4351 comite,
2175 4286 2269 4353 qui
2304 4286 2549 4339 subsidio
2580 4286 2854 4339 venissent
2885 4285 3109 4350 Graecis,
3158 4287 3270 4341 sola
3304 4287 3355 4339 in
3388 4302 3481 4342 eos
3506 4288 3703 4356 pietate
3728 4304 3791 4343 ac
3818 4290 3999 4344 mise-

774 4372 1006 4425 ricordia
1042 4372 1198 4435 moti,
1226 4372 1372 4439 quod
1404 4372 1748 4431 Christianos
1777 4379 2029 4433 homines
2075 4380 2156 4432 sic
2210 4395 2239 4432 a
2280 4380 2533 4432 Barbaris
2586 4395 2648 4433 ac
2690 4382 2873 4449 impiis
2925 4382 3206 4437 audissent
3258 4384 3395 4436 male
3454 4382 3673 4448 haberi;
3710 4398 3841 4437 num
3904 4385 4002 4439 ille

770 4463 1010 4516 auctoris
1042 4477 1226 4521 wares
1257 4468 1325 4520 sit
1353 4465 1595 4536 Smyrnae
1628 4469 1900 4538 princeps,
1931 4485 2093 4531 quem
2123 4468 2391 4523 Laouieus
2431 4469 2740 4524 Graecorum
2768 4464 2941 4540 copiis
2976 4473 3183 4527 socium
3237 4475 3528 4526 accessisse
3557 4472 3740 4534 tradit,
3773 4476 4004 4529 tuenda:

772 4553 909 4622 parti
940 4552 1237 4635 Mustaphae
1272 4572 1333 4611 ac
1368 4558 1643 4625 capiendae
1673 4558 1965 4627 Gallipoli?
2000 4559 2066 4615 Ut
2096 4570 2153 4613 ut
2213 4560 2429 4625 habeat,
2474 4562 2673 4626 babes,
2729 4564 3264 4632 Christianopolitice
3312 4566 3504 4629 lector,
3539 4578 3647 4632 quo
3682 4562 4001 4620 Turcarum

770 4648 1062 4715 dignoscas
1098 4648 1393 4711 solertiam,
1426 4656 1482 4701 et
1508 4657 1567 4700 ut
1598 4649 1671 4703 ita
1704 4649 1870 4705 rebus
1895 4652 2171 4715 auxerint,
2206 4653 2451 4718 quaesitis
2477 4668 2539 4706 ac
2567 4669 2667 4708 suo
2691 4654 2917 4724 adjectis
2944 4656 3186 4709 dominio
3208 4658 3504 4713 commodis
3533 4656 3779 4721 urbibus,
3814 4672 4006 4723 quan-

773 4752 996 4810 tuinque
1028 4756 1131 4793 una
1169 4740 1295 4793 urbs
1322 4740 1501 4807 aliqua
1544 4724 1735 4797 afferat
1781 4743 1943 4798 rebus
1987 4747 2268 4800 momenti.
2304 4742 2439 4799 Vide
2488 4747 2628 4815 apud
2664 4746 3055 4801 Leuuclavium
3089 4748 3423 4817 deploratam
3475 4747 3790 4805 Graecorum
3822 4751 4003 4803 ,ἀναι-

773 4835 1025 4902 concitata,
1066 4843 1222 4901 capta
1250 4846 1281 4885 a
1308 4832 1501 4886 Turcis
1536 4822 1772 4903 primum
1804 4851 1867 4889 ea
1902 4838 2058 4901 urbe,
2096 4851 2193 4891 seu
2232 4837 2350 4891 leve
2382 4837 2636 4891 damnum
2678 4839 2885 4893 illatum
2910 4850 3085 4903 esset;
3134 4840 3475 4908 subiudequc
3526 4854 3817 4909 regnorum
3858 4841 4008 4895 intc-

772 4940 991 4995 gi-orum
1040 4940 1136 4993 per
1165 4934 1384 4979 nostros
1436 4926 1805 4993 amissionem,
1860 4928 2085 4983 ludente
2137 4929 2340 4999 Cypro,
2396 4945 2459 4985 ac
2507 4930 2651 4994 aliis,
2689 4931 2976 4985 fabulam:
3010 4942 3175 4999 tuque
3226 4930 3461 5000 idipsum
3512 4930 3820 4986 Christiana
3866 4946 4005 4987 vere

774 5021 973 5091 pietate
1010 5035 1071 5071 ac
1101 5034 1284 5085 sensu,
1316 5020 1474 5075 modo
1505 5024 1558 5075 in
1583 5020 1745 5075 Creta
1782 5021 2041 5090 deplora;
2076 5038 2176 5077 nec
2201 5026 2321 5093 ejus
2355 5033 2511 5093 putes
2542 5026 2818 5080 montibus
2866 5026 3159 5080 sistendam
3210 5024 3503 5087 ﬂammam,
3539 5034 3599 5077 ut
3622 5039 3689 5078 ne
3716 5024 4005 5093 reliquum

770 5112 963 5166 orbem
1016 5109 1409 5176 Christianum,
1462 5113 1567 5168 nisi
1626 5114 2053 5185 expergiscimur
2108 5130 2170 5171 ac
2234 5118 2437 5171 sentire
2494 5116 2821 5186 incipimus,
2881 5119 2964 5175 vel
3021 5116 3479 5175 Deofulciscente
3546 5116 3683 5171 dura
3738 5116 4004 5187 viscera,

768 5205 1048 5275 depascat.
