4166 6330
348 313 482 375 Ιῡυῑ)

1170 328 1447 391 ORATIO
1488 330 1584 389 DE
1626 331 1776 391 NON
1814 333 2216 395 liEDDENDA
2260 335 2672 397 (.‘ALLIPOLI.

3372 329 3505 400 1010

1404 680 1746 833 ΤΟΥ
1852 680 2416 818 ΑΥΤΟΥ

894 919 2244 1039 ΣΥΜΒΟΥΛΕΥΤΙΚΟΣ
2328 894 2933 1042 ΕΤΕΡΟΣ

1215 1147 1525 1231 ΠΕΡΙ
1620 1147 2590 1237 ΚΑΛΛΙΠΟΛΕΩΣ

1397 1326 1825 1383 ΛΙΤΗΣΔΝΤΟΣ
1862 1328 1997 1382 ΤΟΥ
2029 1330 2403 1385 ΜΟΥΡΛΤΟΥ

1470 1656 2326 1813 EJUSDEM

1032 1947 1482 2038 ORATIO
1529 1950 1797 2036 ALIA
1902 1951 2785 2045 DELlBEllATlVA

851 2146 954 2207 DE
996 2146 1155 2205 NON
1204 2145 1646 2206 REDDENDA'
1679 2143 2095 2208 CALLlPOLI
2140 2128 2504 2211 ΡΕΤΕΝΤΙξ
2552 2151 2961 2214 AMURATE.

382 2442 529 2493 Ἔδει
565 2443 682 2509 μὲν,
720 2434 764 2491 ὦ
818 2439 1028 2508 ἄνδρες,
1090 2440 1164 2505 μὴ
1217 2441 1343 2504 περὶ
1400 2437 1657 2488 τοιούτων
1708 2439 1852 2505 ἡμᾶς

2030 2435 2127 2491 Pin-
2151 2439 2403 2507 iqunlem.
2442 2439 2742 2502 auditores.
2775 2453 2912 2503 erat,
2952 2459 3017 2497 ne
3048 2443 3115 2498 de
3153 2444 3217 2500 iis
3247 2447 3518 2513 delibera-

304 2535 464 2604 ἣκειν
493 2530 970 2601 βουλευσομένους,
1023 2529 1082 2592 ὲξ
1121 2521 1194 2581 ὧν
1232 2527 1491 2595 ὁποτέρου
1532 2527 1856 2595 συμϐάντος,

309 2626 570 2695 αἰσχύνην
624 2623 715 2676 καὶ
750 2621 992 2675 κίνδυνον
1028 2618 1240 2686 ἀνάγκη
1273 2619 1339 2688 τῇ
1389 2618 1538 2671 πόλει
1574 2618 1859 2685 προσγίνε-

312 2716 455 2779 σθαι,
489 2714 621 2768 ἀλλὰ
650 2714 776 2784 περὶ
811 2712 918 2764 τῶν
956 2709 1305 2779 ἐνδοξοτέρων
1336 2726 1393 2761 τε
1444 2708 1538 2761 καὶ
1578 2707 1859 2776 βελτιόνων

308 2810 441 2877 ἡμῖν
475 2802 611 2859 εἶναι
652 2804 742 2857 τὸν
792 2803 983 2869 λόγον’
1037 2802 1208 2863 ἄλλως
1257 2817 1314 2852 τε
1362 2800 1453 2853 καὶ
1504 2799 1600 2868 τῆς
1655 2798 1860 2861 πόλτως

315 2901 446 2967 ἡμῖν
478 2900 535 2949 ἐν
574 2898 690 2958 ταῖς
740 2897 945 2956 κοιναῖς
999 2892 1279 2961 πράξεσιν,
1333 2891 1484 2943 οὐδὲν
1535 2888 1751 2942 πώποτε
1787 2888 1861 2957 μὴ

241 3040 249 3045 ,
310 2988 620 3055 φιλοτιμίας
659 2986 750 3038 καὶ
790 2985 943 3053 δόξης
977 2983 1249 3053 ἐχόμενον,
1283 2980 1654 3052 ἀνασχομένης
1691 2980 1860 3033 ἑνδείο

310 3079 558 3130 κνυσθαι.
587 3077 737 3129 Ἐπεὶ
759 3075 815 3129 δὲ
839 3076 898 3127 τὸ
925 3074 1023 3143 μὲν
1049 3074 1294 3142 εὐτυχεῖν
1325 3072 1416 3125 καὶ
1450 3070 1657 3141 μεγάλα
1693 3072 1865 3143 πράτ-

309 3186 421 3219 τειν
468 3168 612 3237 ἡμᾶς
651 3165 1001 3219 ὑπολέλοιπεν
1034 3163 1157 3233 ἠδη,
1218 3162 1581 3230 πεπράγαμεν
1627 3160 1682 3212 δὲ
1723 3159 1862 3211 οὕτω

310 3258 515 3319 κακῶς,
552 3256 688 3308 ὥστε
721 3258 831 3316 τοῖς
881 3253 1007 3322 παρ’
1052 3254 1183 3321 ἡμῖν
1236 3252 1488 3320 ῥήτορσιν
1532 3249 1693 3317 ἔργον
1728 3244 1862 3299 εἶναι

308 3349 416 3401 τῶν
448 3346 845 3416 προτιθεμένων
884 3345 969 3396 ἀεὶ
1016 3342 1197 3394 κακῶν
1239 3342 1297 3393 τὸ
1347 3340 1671 3408 κουφότερον
1710 3340 1863 3402 ἐξευ-

312 3441 523 3509 ρίσκειν
548 3455 560 3467 ·
602 3437 654 3488 τί
682 3436 866 3488 λοιπον
898 3434 1082 3505 ἢ⁹Θεῷ
1126 3434 1225 3501 μὲν
1264 3432 1517 3501 εὔχεσθαι
1551 3432 1675 3500 περὶ
1710 3431 1864 3500 ἡμῶν

316 3528 677 3598 μετριώτερόν
743 3544 797 3580 τι
847 3525 1275 3596 βουλεύσασθαι,
1335 3526 1529 3587 aui-10b;
1572 3524 1625 3577 δὲ
1658 3523 1861 3589 λελογι-

314 3624 525 3691 σμένως
580 3623 643 3691 τῇ
697 3618 945 3688 παρούσῃ
997 3618 1129 3687 τύχῃ
1186 3618 1517 3687 χρωμένους,
1576 3616 1864 3681 πειρᾶσθαι

315 3702 511 3779 σώζειν
537 3712 728 3773 αὐτοὺς
760 3710 864 3771 ἕως
893 3710 1093 3773 ἔξεστι,
1146 3710 1238 3760 καὶ
1280 3709 1352 3777 μὴ
1384 3707 1571 3776 ὥσπερ
1600 3706 1861 3772 ἀπογνόν-

314 3820 430 3865 τας,
472 3802 567 3870 τὴν
602 3800 707 3852 τῶν
740 3798 1017 3868 προγόνων
1060 3798 1259 3866 ἀρετήν
1299 3815 1354 3849 τε
1408 3798 1502 3849 καὶ
1544 3798 1699 3862 δόξαν
1731 3814 1863 3866 προ·

312 3895 493 3948 δοῦναι
520 3892 884 3957 παντάπασιν,
945 3890 1057 3943 ἀλλ’
1077 3892 1139 3943 ὲκ
1178 3890 1283 3943 τῶν
1313 3889 1550 3943 δυνατῶν
1577 3891 1654 3951 είς
1686 3891 1866 3941 ἐκεῖνα

318 3984 599 4055 φαίνεσθαι
621 3986 686 4037 τὰ
723 3985 1138 4054 παραδείγματα
1168 3984 1259 4036 καὶ
1294 3982 1387 4035 νῦν
1413 3982 1817 4044 ἀποϐλέποντας

328 4077 389 4127 Ἠ
419 4075 516 4139 μὲν
544 4074 633 4126 οὖν
670 4073 833 4143 βουλὴ
870 4076 961 4124 καὶ
1007 4075 1037 4139 ἡ
1083 4073 1401 4141 καθημέραν
1427 4072 1685 4139 γινομένη
1732 4072 1866 4138 πρὸς

319 4166 581 4233 ἀλλήλους
612 4166 669 4216 ἐν
710 4168 826 4227 ταῖς
855 4164 1172 4233 ἐκκλησίαις
1202 4160 1473 4228 ἀντιλογία
1509 4162 1634 4229 περὶ
1665 4161 1771 4211 τῶν
1810 4161 1867 4212 ἐν

316 4255 644 4324 Χερρονήσῳ
682 4254 1022 4319 πραγμάτων
1068 4253 1183 4303 ἐστὶ
1224 4250 1437 4317 καὶτῆς
1470 4248 1865 4314 Καλλιπόλεωςὶ

317 4350 381 4414 ἢν
410 4347 437 4397 ὁ
463 4345 756 4413 Μονρᾶτης
796 4344 925 4411 παρ’
960 4343 1116 4410 ἡμῶν
1143 4342 1281 4405 ὑπὲρ
1328 4340 1427 4408 ’τῆς
1456 4341 1675 4410 εἰρήνης
1705 4342 1864 4391 αἰτεῖ.

323 4439 425 4489 Καὶ
461 4438 517 4488 τό
562 4452 623 4502 γε
660 4436 908 4487 πλεῖστον
944 4438 1041 4503 τῆς
1089 4433 1314 4495 πόλεως,
1352 4434 1440 4484 καὶ
1487 4433 1593 4484 τῶν
1622 4431 1869 4499 συμϐου-

320 4527 495 4576 λεύειν
546 4524 832 4587 εἰωθότων,
874 4526 1007 4592 φασὶ
1058 4523 1165 4576 δεῖν
1211 4524 1308 4592 ἤδη
1362 4522 1596 4584 διδόναι,
1649 4523 1742 4573 καὶ
1795 4521 1869 4589 μὴ

324 4615 535 4683 μέλλειν
584 4616 660 4677 ὠς
715 4616 806 4667 καὶ
862 4615 961 4683 τῆς
1012 4614 1279 4683 ἀναδολῆς
1340 4614 1573 4682 φανερὸν
1627 4612 1869 4665 κίνδυνον

322 4705 551 4775 ἐχούσης
610 4710 674 4777 τῇ
704 4707 875 4760 πόλει.
894 4705 1034 4768 Ἐγὼ
1056 4705 1099 4757 δ’
1125 4706 1355 4773 ἐσχάτης
1388 4706 1609 4773 ἀτυχίας
1638 4704 1873 4771 νομίζων

320 4799 415 4869 οὐχ
440 4797 654 4850 ὅτιτῶν
696 4798 966 4867 πολεμίων
1001 4794 1558 4865 προσληψόμεοπνάλλ’
1606 4798 1694 4849 δτι
1751 4796 1873 4849 τού·

320 4910 431 4955 τοις
476 4890 821 4962 προησόμεθα
873 4889 979 4941 τῶν
1030 4888 1309 4958 ἡμετέρων
1352 4885 1733 4956 βουλεύεσθαι,
1782 4885 1873 4939 ἐπὶ

320 4982 496 5053 τούτῳ
536 4981 752 5052 μάλιστ’
784 4980 848 5033 ἂν
880 4979 1044 5048 φαίην
1080 4979 1425 5045 ἀγανακτεῖν,
1459 4978 1540 5027 ὅτι
1572 4976 1696 5037 τοὺς
1729 4974 1875 5029 πλεί-

1964 2536 2069 2585 turi
2108 2533 2159 2585 in
2198 2533 2484 2588 consilium
2519 2547 2856 2602 cogeremur,
2898 2553 2962 2591 ex
2990 2537 3210 2606 quibus.
3245 2543 3511 2597 utrumvis

1962 2610 2189 2688 accidat,
2222 2623 2477 2691 probrum
2522 2624 2642 2702 urbi
2684 2640 2746 2680 ac
2797 2627 3097 2694 periculum
3144 2634 3385 2693 accedat.
3417 2647 3515 2688 ne-

1962 2727 2113 2768 cesse
2139 2714 2210 2768 sit
2237 2730 2252 2779 ;
2284 2714 2378 2769 sed
2415 2723 2475 2769 ιιι
2507 2730 2606 2785 pro
2639 2715 2705 2770 iis
2734 2731 2853 2785 qum
2889 2718 3145 2788 majorem
3171 2720 3373 2777 habent
3401 2724 3516 2793 glo-

1961 2804 2095 2857 riam
2126 2818 2188 2858 ac
2229 2813 2355 2859 sunt
2385 2806 2616 2874 potiora,
2649 2808 2806 2863 nobis
2847 2816 2991 2863 esset
3032 2810 3338 2876 orandum;
3389 2828 3513 2868 c't'n

1965 2890 2165 2961 alioqui
2198 2892 2362 2947 etiam
2391 2908 2577 2949 noszra
2605 2894 2816 2959 civitas,
2839 2895 2971 2951 nihil
3004 2914 3239 2967 unquam
3277 2902 3328 2953 iu
3366 2916 3512 2955 com-

1960 2982 2222 3063 munibus
2258 2982 2587 3048 actionibus,
2634 3000 2741 3039 non
2796 2988 3140 3057 magniﬁcum
3193 3006 3254 3044 ac
3286 2993 3513 3060 gloriam

1967 3073 2193 3137 habens,
2225 3074 2515 3155 ostendere
2541 3076 2891 3132 sustinuerit.
2934 3078 3075 3145 Quia.
3118 3095 3248 3133 vero
3281 3097 3378 3137 nos
3402 3084 3511 3153 jam

1966 3162 2211 3229 felicitas,
2244 3174 2297 3219 ct
2330 3174 2387 3219 ut
2420 3180 2610 3234 magna
2660 3167 3029 3236 desigucmus,
3070 3170 3295 3235 defecit,
3349 3174 3513 3227 adeo-

1965 3268 2071 3322 que
2097 3256 2233 3309 male
2261 3265 2443 3309 actum
2475 3265 2559 3311 est
2592 3257 2896 3323 nobiscum,
2928 3266 2988 3312 ut
3022 3276 3189 3314 unum
3233 3263 3281 3314 id
3320 3265 3519 3318 nostris

1961 3343 2093 3420 jam,
2125 3330 2432 3397 oratoribus
2480 3346 2775 3409 incumbat,
2830 3356 2887 3402 ut
2923 3350 2976 3402 in
3014 3350 3169 3403 malis
3203 3354 3515 3420 propositis,

1962 3418 2109 3505 quod
2136 3435 2206 3491 sit
2235 3437 2409 3491 levius
2451 3436 2751 3503 inveniant,
2797 3440 2923 3509 quid
2955 3418 3227 3510 superest,
3253 3418 3410 3513 quam
3460 3457 3516 3499 ut

1946 3518 2134 3583 Deum
2178 3542 2465 3596 precemur
2493 3528 2710 3582 mitiora
2739 3528 2805 3584 de
2838 3531 2996 3586 nobis
3027 3531 3319 3588 decernere
3350 3551 3363 3598 ;
3395 3550 3516 3591 uos-

1965 3633 2072 3687 que
2124 3619 2245 3686 ipsi,
2277 3621 2527 3687 praesenti
2559 3620 2767 3674 fortuna
2816 3636 2846 3676 e
2873 3621 3084 3677 ratione
3135 3640 3197 3677 ac
3230 3627 3514 3692 prudentia

1968 3719 2202 3775 utentes,
2238 3718 2433 3764 nostrae
2468 3709 2707 3779 ipsorum
2734 3711 3192 3781 saluti,quamdiu
3231 3716 3375 3779 licet,
3406 3729 3519 3772 stu-

1966 3802 2191 3866 deamus
2216 3799 2521 3866 consulere,
2547 3816 2655 3855 non
2680 3801 2828 3855 velut
2855 3802 3239 3871 desperatione
3263 3808 3389 3869 acti,
3409 3824 3513 3862 ma-

1962 3893 2142 3962 jorum
2174 3891 2428 3945 virtutem
2476 3905 2538 3945 ac
2582 3890 2807 3960 gloriam
2839 3894 3065 3949 omnino
3112 3896 3340 3965 prodere
3374 3916 3387 3950 :
3420 3900 3513 3952 sed

1967 3994 2064 4047 pro
2103 3978 2265 4043 virili,
2302 3979 2355 4031 in
2388 3978 2477 4033 illa
2521 3978 2690 4045 videri
2744 3982 2991 4050 exempla
3041 3985 3332 4052 reSpicerc.
3363 3987 3512 4053 Quod

1966 4073 2151 4137 itaque
2200 4072 2445 4139 agitatur
2472 4069 2782 4134 consilium,
2816 4085 2878 4124 ac
2927 4072 3157 4126 invicem
3203 4077 3513 4141 quotidiana

1969 4161 2055 4212 illa
2081 4160 2363 4213 nobiscum
2398 4161 2629 4230 publicis
2652 4163 3014 4217 conventibus
3048 4167 3426 4232 contradictio,
3465 4170 3518 4223 in

1962 4240 2291 4307 Chersonesi
2323 4252 2481 4306 rebus
2500 4259 2839 4321 versatur,ac
2866 4252 3016 4309 urbis
3041 4252 3337 4325 Callipolis,
3359 4273 3517 4326 quam

1970 4344 2203 4397 Murates
2245 4360 2273 4395 a
2308 4344 2466 4397 nobis
2496 4358 2595 4413 pro
2642 4360 2771 4412 pace
2804 4348 2960 4414 petit.
3005 4347 3081 4400 Ac
3117 4362 3247 4400 vero
3292 4350 3517 4421 maxima

1969 4432 2203 4485 civitatis
2229 4446 2373 4497 pars,
2412 4442 2709 4499 eorumque
2739 4436 2832 4502 qui
2858 4444 2987 4488 sunt
3021 4450 3049 4488 a
3083 4437 3344 4501 consiliis,
3377 4440 3428 4491 in
3456 4455 3518 4491 eo

1971 4522 2266 4590 conspirat,
2300 4530 2357 4575 ut
2399 4521 2629 4576 dandam
2662 4524 2863 4590 dicant,
2897 4533 3061 4595 atque
3094 4528 3145 4579 id
3197 4528 3312 4581 sine
3348 4546 3517 4587 mora.

1970 4627 2087 4680 qua:
2134 4613 2249 4679 ipsa
2290 4620 2538 4682 apertum
2577 4614 2813 4669 civitatis
2856 4618 3159 4684 periculum
3206 4619 3423 4673 habeat.
3457 4622 3515 4674 At

1971 4717 2092 4772 ego,
2145 4712 2401 4757 extrema:
2443 4719 2553 4756 rem
2607 4704 2943 4759 infelicitatis
2990 4708 3283 4774 arbitrans,
3322 4720 3379 4763 ut
3415 4726 3515 4763 nan

1973 4795 2027 4848 in
2059 4809 2125 4848 eo
2162 4804 2348 4848 nostra
2391 4794 2717 4848 deliberatio
2749 4795 2837 4860 sit,
2870 4806 2929 4849 ut
2962 4797 3198 4865 hostium
3249 4814 3336 4854 res
3366 4801 3516 4854 nobis

1971 4886 2328 4950 vindicamus,
2387 4886 2479 4939 scd
2521 4898 2577 4939 ut
2626 4898 2836 4941 nostras
2886 4888 2986 4957 ipsi
3034 4890 3392 4949 dimittamus.
3425 4883 3514 4945 Ιιόι

1977 4978 2209 5032 maxime
2238 4976 2623 5048 indignandum
2661 4977 2914 5045 dixerim,
2945 4981 3087 5047 quod
3117 4984 3405 5051 plerosque
3428 5000 3517 5036 ne-

325 5087 480 5125 στους
510 5071 618 5123 τῶν
664 5068 921 5124 ἐναντίων
969 5066 1141 5133 λόγων
1170 5068 1275 5118 οὐδ’
1322 5065 1677 5134 ἀνεχομένους
1724 5065 1860 5135 ὁρῶι

1946 5065 2195 5135 :quidem
2254 5064 2584 5118 sustinentes
2633 5064 2825 5118 audire
2883 5067 3188 5121 contrarios
3246 5083 3515 5123 sermones

322 5164 437 5216 ἀλλ’
463 5162 635 5227 οὕτως
673 5163 825 5224 ὅλους
852 5163 947 5230 τῆς
977 5158 1217 5219 δουλείας
1248 5162 1340 5211 καὶ
1370 5160 1461 5211 τοῦ
1493 5156 1567 5225 τῷ
1613 5155 1870 5226 βαρϐάρῳ

324 5253 641 5324 χαρίζεσθαι
681 5254 990 5319 γεγονότας,
1031 5250 1156 5300 ὥστ’
1188 5250 1391 5301 ἐκείνου
1423 5252 1554 5319 προς
1604 5250 1663 5300 τὸ
1689 5248 1873 5299 λαὸεῖν

324 5348 542 5407 τούτους
576 5344 947 5412 ἑτοιμοτέρους
990 5339 1124 5395 εἶναι
1168 5343 1298 5408 πρὸς
1339 5343 1397 5391 τὸ
1431 5342 1644 5392 διδόναι.
1674 5341 1740 5391 Τί
1769 5340 1873 5406 γὰρ

330 5439 390 5488 ἄν
422 5454 502 5498 τις
526 5435 666 5487 εἴποι
704 5435 834 5494 πρὸς
869 5434 965 5501 τὴν
1014 5432 1203 5495 ἄλογον
1237 5430 1409 5481 αὐτῶν
1445 5432 1617 5497 ὁρμὴν
1652 5428 1877 5482 ἀποϐλέ-

329 5543 464 5587 πων,
498 5526 587 5577 καὶ
620 5524 679 5577 τὸ
708 5523 995 5590 πολεμίους
1020 5524 1111 5574 καὶ
1135 5520 1394 5590 προδότας
1428 5520 1532 5571 τῶν
1565 5521 1756 5596 κοινῶν
1786 5536 1879 5571 σα·

338 5615 451 5683 (μῦς
496 5612 889 5682 ἀποφαίνεσθαι
917 5613 1038 5673 τοὺς
1069 5612 1310 5679 ἐπισχεῖν
1357 5611 1451 5661 καὶ
1495 5608 1880 5677 βουλεύσασθαί

356 5727 405 5760 τι
434 5680 557 5775 περὶ
588 5706 769 5759 τούτου
804 5705 1005 5775 βέλτιον
1034 5700 1340 5767 ἀξιοῦντας;
1378 5700 1449 5753 Οὐ
1477 5700 1579 5768 μὴν
1615 5698 1745 5751 ἀλλὰ
1789 5704 1883 5752 καί

1977 5155 2233 5223 aspiciam
2262 5172 2275 5219 ;
2307 5152 2398 5206 sed
2448 5153 2521 5206 ita
2564 5159 2703 5206 totos
2731 5151 2943 5207 deditos
2972 5156 3240 5217 servituti,
3272 5162 3431 5227 atque
3467 5168 3515 5210 ut

1980 5246 2215 5299 Barbare
2240 5244 2506 5313 placeant,
2540 5252 2599 5296 ut
2630 5242 2826 5296 minori
2860 5243 2945 5297 ille
2974 5246 3228 5299 aviditate
3270 5249 3493 5317 accipiat

1978 5352 2138 5405 quam
2174 5337 2260 5387 isti
2297 5334 2565 5388 desiderio
2611 5333 2867 5386 tribuant.
2907 5333 3046 5397 Quid
3085 5337 3229 5390 enim
3280 5340 3400 5410 quis
3448 5342 3513 5392 (Ιί-

1979 5438 2084 5491 cat,
2123 5425 2186 5479 ad
2218 5440 2404 5478 eorum
2454 5423 2686 5476 alienum
2722 5437 2750 5474 a
2800 5422 3006 5477 ratione
3059 5429 3313 5494 impetum
3348 5430 3513 5496 .recpi.

1980 5520 2165 5579 ciens;
2201 5523 2366 5583 utque
2418 5514 2616 5575 hostes,
2646 5525 2707 5565 ac
2740 5528 2917 5565 rerum
2950 5508 3120 5582 palam
3157 5519 3513 5569 comnmuinn

1984 5606 2283 5675 proditores
2312 5602 2686 5671 pronuntient,
2710 5610 2761 5654 ut
2792 5603 2910 5670 quis
2940 5602 3109 5655 obniti
3141 5603 3364 5668 velit,av
3394 5622 3505 5673 qun

1988 5700 2177 5753 melius
2230 5714 2325 5765 pro
2361 5694 2569 5765 :cgotio
2616 5695 2943 5749 consulere?
2974 5692 3289 5764 Quanquam
3346 5705 3519 5751 tamen.
