4166 6330
709 419 844 484 1015

1963 437 2338 507 DEMETRII
2382 445 2694 506 CYDONII

3781 463 3924 529 1016

709 546 860 596 Inus,
898 532 1100 601 quibus
1137 545 1211 589 et
1267 536 1486 592 titulqu
1557 555 1654 596 nos
1688 544 1974 612 oportebat
2036 550 2259 617 erigere,

2340 599 2344 610 .
2377 563 2717 626 μαινομένων
2753 564 2946 628 ποιεῖν,
2981 564 3029 616 οἳ
3069 564 3167 635 τὴν
3214 567 3412 636 ἐσθῆτα
3450 573 3924 641 περιρῤηγνύντεε

700 637 893 676 eorum
933 636 1348 700 monumentum
1381 629 1790 696 beneficiorum.
1810 636 2011 703 quibus
2036 654 2133 692 nos
2164 644 2257 692 de-

701 713 992 769 vinxerunt
1021 731 1036 778 ;
1070 716 1182 785 ipsi‘
1203 733 1353 782 vero,
1392 736 1512 789 quae
1539 723 1648 776 sint
1675 723 2004 780 furiosorum
2042 740 2260 798 przrstc-

703 820 850 870 mus,
869 807 962 874 qui
1000 804 1224 862 discissa
1253 821 1418 875 veste,
1445 814 1575 867 nudi
1604 816 1835 884 turpiter
1863 817 2143 885 incedant;
2177 821 2259 874 'sin

2363 644 2763 716 ἀσχημονοῦσι·
2828 653 2929 705 κάν
2977 671 3060 715 τις
3112 657 3310 719 αὐτοὺς
3357 661 3698 734 περιστέλλῃ,
3752 667 3800 716 οἱ
3863 667 3924 718 δὲ

2367 737 2529 788 πάλιν
2583 741 2950 809 γυμνοῦνται,
3003 747 3096 798 καὶ
3151 746 3410 803 δάκνουσι
3453 755 3578 815 τοὺς
3629 756 3699 808 δι’
3735 753 3925 812 οἶκτον

2356 826 2827 898 ἐπιμελουμένους
2855 831 3067 902 αὑτῶνς

702 909 884 952 autem
918 903 1042 969 quis
1076 901 1337 969 induerit,
1368 922 1558 962 rursus
1583 909 1880 976 nudentur,
1909 926 1972 966 ac
1998 929 2092 968 eos
2121 915 2427 984 mordeant,
2455 924 2545 989 qui
2573 925 2941 985 misericordia
2972 901 3183 990 illorum
3216 954 3398 994 curam
3428 951 3614 1010 agunt.

770 992 952 1060 Turpe
977 996 1078 1048 hoc
1101 997 1344 1064 quidem,
1381 1007 1440 1051 ut
1468 1016 1629 1067 quem
1685 1001 1890 1070 liqueat
1923 1004 2097 1072 ipsum
2152 1007 2256 1060 sibi

702 1096 810 1134 non
837 1084 1099 1148 suﬂicere,
1131 1087 1224 1140 sed
1254 1089 1404 1142 velut
1444 1091 1566 1144 aliis
1600 1092 1924 1159 quibusdam
1956 1096 2260 1166 ptedagogis

699 1187 879 1241 egere.
908 1175 998 1242 qui
1028 1191 1113 1230 res
1131 1178 1250 1246 ejus
1277 1181 1585 1234 custodiant
1613 1199 1626 1234 :
1663 1192 1720 1236 ut
1747 1195 1924 1237 autem
1948 1203 2256 1254 ullanqtlatn

699 1263 1042 1332 adjutoribus
1071 1267 1213 1331 aliis,
1240 1283 1302 1322 ac
1336 1272 1646 1326 arcentibus
1679 1276 1920 1329 volentes
1947 1277 2148 1331 inferre
2178 1279 2261 1330 iu-

694 1351 920 1418 juriam,
952 1355 1208 1423 omnique
1235 1357 1395 1411 modo
1423 1368 1480 1412 ut
1503 1363 1638 1415 bene
1665 1379 1730 1416 ae
1761 1380 2016 1432 prospere
2059 1367 2256 1421 habeat

700 1441 1132 1508 providentibus,
1156 1444 1269 1512 ipse
1297 1462 1353 1501 se
1391 1448 1454 1501 de
1493 1449 1759 1506 industria
1778 1453 1866 1505 det
1898 1456 2254 1522 prmeipitem,

702 1530 1028 1600 impleatque
1067 1533 1305 1590 hostium
1337 1545 1480 1600 vota,
1531 1541 1633 1592 line
1689 1542 1798 1610 jam
1855 1545 2019 1596 etiam
2067 1561 2254 1600 eorum

699 1619 793 1684 qui
820 1618 1002 1674 furore
1030 1622 1328 1690 insaniunt,
1363 1628 1609 1695 exempla
1635 1639 1872 1697 superet.
1939 1632 2040 1686 Per
2090 1634 2255 1688 Deum

698 1722 851 1776 rogo,
877 1717 937 1762 ut
967 1711 1131 1762 etiam
1160 1702 1403 1773 veniant.
1444 1725 1538 1769 aut
1560 1719 1624 1769 ad
1662 1734 1760 1772 nos
1787 1721 1989 1789 legatOs
2018 1723 2255 1788 mittant,

698 1797 792 1862 qui
813 1809 1051 1866 ereptam
1079 1801 1326 1856 barbaris
1351 1803 1680 1876 Callipolim,
1706 1809 1865 1863 nobis
1892 1811 2254 1877 tradiderunt,

696 1901 760 1940 ac
783 1887 963 1941 dicunt
997 1906 1009 1942 :
1041 1890 1171 1956 Nos,
1206 1894 1325 1956 viri,
1361 1896 1509 1948 nulla
1548 1896 1687 1949 vobis
1719 1901 2089 1954 necessitudine
2129 1919 2256 1955 con-

689 1974 912 2043 juncti:
941 1993 1105 2054 neque
1150 1983 1290 2034 enim
1347 1983 1541 2051 aliquis
1596 1985 1743 2038 nobis
1794 1989 1940 2056 apud
1970 1989 2252 2059 Byzantios

696 2084 1038 2139 commeatus,
1073 2093 1167 2129 nec
1193 2078 1372 2146 aliquo
1403 2097 1434 2132 a
1466 2081 1604 2134 vobis
1637 2083 1904 2150 beneﬁcio,
1929 2096 2020 2140 aut
2052 2091 2253 2141 auxilio

698 2175 924 2235 accepto,
954 2184 1158 2221 necesse
1190 2170 1464 2225 habuimus
1491 2189 1681 2227 manus
1713 2177 2032 2242 rependere;
2064 2183 2192 2248 quin
2220 2197 2252 2234 (ι

695 2259 951 2326 principio
988 2274 1050 2334 ne
1078 2261 1206 2328 quid
1245 2261 1448 2315 velletis
1513 2265 1723 2331 quidem
1764 2266 2112 2338 intelligentes
2141 2272 2253 2322 sine

694 2349 996 2415 interprete,
1022 2350 1159 2418 quod
1184 2351 1355 2404 solum
1390 2352 1580 2407 Christi
1636 2355 1900 2414 nobiscum
1935 2358 2159 2412 cultores
2215 2377 2247 2413 a

694 2435 955 2491 Barbaris
979 2439 1276 2494 conculcari
1304 2443 1624 2497 audierimus
1656 2461 1674 2499 :
1700 2462 1762 2499 ac
1818 2457 2013 2519 terram
2042 2451 2251 2519 quidem

694 2517 919 2580 uestrum
950 2527 1057 2582 illis
1087 2529 1223 2598 ferre
1250 2531 1447 2599 fructus
1474 2549 1536 2585 ac
1567 2533 1749 2599 lucra;
1803 2517 1952 2592 urbes
1979 2517 2152 2594 autem
2185 2545 2250 2594 ab

694 2617 804 2671 illis
833 2633 940 2672 esse
971 2633 1200 2684 eversas,
1241 2637 1303 2674 ac
1331 2637 1551 2689 corpora
1577 2626 1789 2692 quidem
1831 2629 1983 2697 siqua
2017 2629 2250 2698 gladium

693 2709 1004 2779 effugerunt.
1038 2710 1228 2780 ubique
1275 2710 1516 2781 dispersa
1572 2714 1871 2769 seruitutem
1899 2719 2130 2783 servire;
2179 2721 2249 2773 ad

693 2801 803 2852 ha'c
832 2808 1006 2851 autem
1045 2801 1271 2862 animus,
1303 2817 1406 2869 qua
1435 2803 1504 2865 vi,
1558 2818 1661 2871 qua
1691 2808 1937 2884 suasione
1983 2823 2045 2859 ac
2077 2811 2247 2878 quoti-

693 2889 855 2942 diana
880 2906 994 2942 cum
1020 2888 1124 2942 illis
1151 2892 1523 2944 consuetudine
1553 2892 1747 2961 pollui;
1774 2897 1846 2948 sic
1869 2894 2046 2950 autem
2073 2916 2245 2968 angu-

694 2987 831 3032 stam
861 2980 999 3031 vobis
1029 2979 1291 3044 regionem
1324 2991 1543 3042 restare,
1573 2993 1627 3035 ut
1659 2999 1721 3034 ne
1769 2985 1976 3052 quidem
2019 2989 2244 3053 tributis,

694 3086 810 3138 qua:
839 3071 1112 3138 pendenda
1147 3070 1387 3124 barbaris
1413 3073 1612 3126 habetis
1644 3074 1874 3142 sufﬁciat
1897 3093 1915 3140 ;
1941 3093 2248 3148 omnemque

696 3167 940 3210 ornatam
974 3167 1201 3211 vestrum
1234 3161 1302 3212 ad
1330 3159 1446 3213 illos
1485 3163 1871 3232 commigrasse,
1901 3183 1962 3219 ac
2013 3167 2248 3238 deinceps

694 3248 878 3300 habere
903 3250 1122 3313 invotis,
1146 3250 1399 3302 utsaltem
1417 3252 1611 3304 servire
1631 3255 2042 3320 permittamini;
2069 3259 2253 3311 horum

701 3341 847 3405 fama
883 3339 951 3391 ad
976 3356 1067 3392 nos
1105 3339 1336 3408 perlata,
1394 3349 1728 3410 nostramque
1757 3344 1988 3413 ipsorum
2028 3346 2253 3400 calami-

703 3441 866 3487 tatem
896 3441 1067 3483 uestra
1105 3429 1351 3483 arbitrati
1383 3430 1564 3495 mala;
1615 3449 1676 3485 ac
1707 3449 1798 3487 nec
1842 3439 2151 3503 exspectatis
2184 3439 2256 3490 le-

696 3521 835 3586 gatis
886 3520 1069 3588 quibus
1139 3535 1232 3573 nos
1287 3535 1349 3573 ea
1381 3523 1652 3583 doceretis,
1703 3527 1878 3593 patria
1913 3528 2128 3596 quisque
2157 3545 2252 3580 sua

695 3611 886 3679 egressi
921 3625 1130 3674 sumus,
1165 3609 1534 3678 dereliquimas
1589 3627 1710 3664 vero
1739 3624 1998 3681 parentes,
2042 3635 2253 3679 amicos,

695 3699 926 3768 aliosque
953 3700 1292 3761 necessarios,
1312 3702 1519 3753 tametsi
1546 3701 1721 3754 sedere
1749 3715 2018 3772 rogarent.
2050 3722 2112 3758 ac
2139 3723 2254 3759 cum

699 3789 954 3859 cognatis,
976 3789 1121 3841 bonis
1150 3806 1266 3856 qua:
1295 3790 1436 3842 domi
1462 3791 1685 3851 iucunde
1711 3790 1977 3854 haberent,
2014 3796 2118 3861 frui
2165 3812 2254 3847 nec

696 3883 882 3933 anxios
906 3896 1041 3941 esse.
1072 3889 1163 3933 aut
1197 3881 1355 3934 etiam
1384 3880 1505 3932 belli
1529 3883 1875 3945 incommoda,
1907 3903 1968 3937 ac
1989 3886 2253 3954 fortunam

698 3974 925 4025 aliorum
955 3972 1096 4024 nobis
1134 3974 1407 4026 asciscere.
1473 3973 1642 4025 Porro
1681 3984 1853 4028 autem
1898 3987 2046 4028 erant
2069 3978 2251 4044 pleris-

695 4078 792 4130 que
815 4071 1049 4114 nostrum
1095 4063 1255 4113 etiam
1288 4077 1474 4114 uxores
1510 4080 1570 4115 ac
1601 4064 1767 4124 liberi,
1789 4074 1843 4117 ut
1867 4066 1970 4117 illis
2002 4068 2251 4129 virorum,

695 4151 808 4202 istis
841 4160 1052 4217 patrum
1086 4166 1245 4218 opera
1275 4167 1334 4202 ac
1363 4167 1490 4202 cura
1520 4168 1648 4220 opus
1679 4163 1832 4206 esset.
1890 4153 2048 4207 Scitis
2078 4165 2252 4207 autem

699 4242 894 4293 larium
923 4257 1152 4302 autores,
1185 4251 1336 4309 utque
1361 4243 1861 4296 vcladamantinum
1915 4255 2084 4306 pectus
2124 4262 2255 4298 uxor

697 4332 942 4402 lacrymis
969 4333 1224 4396 emolliat,
1256 4334 1633 4404 liberorumque
1664 4335 2015 4400 imbecillitas,
2071 4349 2250 4406 puter-

699 4441 792 4476 nos
826 4426 1031 4478 obtutus
1065 4427 1381 4478 necessarios
1421 4426 1632 4478 habens.
1669 4425 1944 4478 Enimuero
1989 4428 2118 4480 nihil
2169 4429 2254 4480 ho-

2431 1015 2661 1084 Αἰσχοὸν
2710 1021 2806 1086 μὲν
2835 1023 2942 1090 γάρ
2974 1026 3067 1077 καὶ
3113 1028 3172 1078 τὸ
3204 1029 3360 1094 δῆλον
3393 1026 3534 1082 εἶναί
3566 1049 3682 1084 τινα
3735 1034 3911 1103 ἑαυτᾷ

2357 1105 2436 1174 μὴ
2465 1107 2754 1175 ἀρκοῦντα,
2783 1111 2896 1162 ἀλλ’
2919 1113 3107 1182 ὥσπερ
3137 1118 3300 1170 τινῶν
3325 1121 3684 1187 παιδαγωγῶν
3716 1125 3925 1188 ἑτέρην

2359 1197 2581 1262 δεῖσθαι,
2643 1199 2691 1251 οἳ
2746 1204 2920 1271 τούτῳ
2968 1204 3036 1255 τὰ
3066 1205 3194 1259 δντα
3256 1211 3588 1277 τηρήσουσι·
3625 1212 3686 1262 τὸ
3731 1213 3788 1265 δὲ
3824 1216 3923 1267 καὶ

2359 1288 2532 1341 ἄλλων
2583 1288 2936 1358 βοηθούντων,
2991 1295 3084 1348 καὶ
3135 1299 3258 1359 τοὺς
3307 1300 3509 1352 ἁδικεῖν
3562 1301 3923 1370 βουλομένους

2361 1380 2692 1448 εἰργόντων,
2750 1384 2843 1434 καὶ
2897 1383 3072 1437 πάντα
3123 1387 3322 1454 τρόπον
3371 1390 3517 1452 ὅπως
3573 1389 3631 1443 εὖ
3691 1395 3919 1461 πράξειε

2360 1471 2751 1538 προνοούντων,
2786 1474 2948 1527 αὑτὸν
2979 1477 3300 1545 κρημνὲζειν
3335 1482 3522 1533 ἑαυτὸν
3577 1484 3916 1550 ἐξεπίτηδες,

2360 1563 2453 1614 καὶ¹
2480 1564 2588 1622 τοῖς
2615 1562 2828 1633 ἐχθροῖς
2859 1567 3098 1642 πληροὺν
3131 1569 3450 1640 τάςεύχᾶις,
3495 1573 3636 1626 τοῦτ’
3668 1577 3768 1644 ἤδη
3820 1580 3920 1630 καὶ

2357 1653 2463 1702 τῶν
2513 1655 2852 1722 μαινομένων
2905 1659 3327 1729 παραδείγματα
3363 1663 3548 1730 σαφῶς
3598 1666 3915 1732 ὑπεραίρει.

2360 1743 2500 1807 Πρὸς
2525 1743 2690 1796 θεοῦ·
2728 1747 2775 1798 εί
2810 1746 2868 1798 δὲ
2913 1748 2974 1817 δὴ
3007 1750 3099 1801 καὶ
3130 1750 3394 1813 ἐλθόντες,
3423 1753 3462 1821 ἢ
3503 1755 3595 1804 καὶ
3650 1756 3918 1822 πρὲσῆεις

2289 1867 2330 1920 Β
2359 1833 2668 1920 πέμψαντες
2701 1836 2835 1901 πρὸς
2865 1838 3031 1905 ἡμᾶς,
3071 1841 3120 1892 οἱ
3153 1841 3247 1894 καὶ
3279 1843 3610 1898 Καλλίπολιν
3638 1847 3746 1898 τῶν
3777 1849 3916 1917 βαρ-

2357 1917 2540 1986 ϐάρων
2585 1921 2927 1989 ἀφελόμενοι,
2961 1924 3055 1976 καὶ
3102 1927 3234 1994 ἡμῖν
3277 1930 3629 1998 παραδόντες,
3665 1933 3912 2000 λέγοιεν·

2361 2027 2382 2060 ε
2407 2010 2614 2077 Ἡμεῖς,
2633 2005 2679 2064 ὦ
2699 2012 2907 2081 ἄνδρες,
2928 2014 3080 2069 οὐδὲν
3097 2017 3227 2084 ὑμῖν
3245 2021 3630 2088 προσήκοντες·
3653 2024 3774 2077 οὐδὲ
3803 2027 3870 2090 γά
3879 2043 3917 2094 ρ

2356 2099 2610 2167 προξενία
2646 2102 2709 2168 γέ
2764 2119 2847 2163 τις
2902 2100 2969 2171 ἧν
3023 2106 3153 2174 ἡμῖν
3200 2107 3353 2177 παρὰ
3400 2110 3732 2173 Βυζαντίοις,
3787 2114 3915 2166 οὐδὲ

2354 2189 2574 2258 χάριτός
2601 2207 2743 2252 τινος
2773 2193 2805 2260 ἦ
2845 2192 3097 2262 βοηθείας
3127 2197 3261 2263 ἡμῖν
3294 2199 3426 2268 παρ’
3463 2199 3616 2267 ὑμῶν
3659 2201 3911 2270 ὑπαρξά-

2357 2297 2476 2347 σης,
2515 2280 2623 2332 ἔδει
2657 2279 2754 2348 τὴν
2787 2281 2992 2350 δωρεάν
3022 2284 3467 2352 άνταναπληροῦν
3489 2303 3504 2318 ·
3529 2287 3626 2356 τὴν
3656 2289 3832 2357 ἀρχὴν
3855 2290 3915 2341 δὲ

2353 2367 2460 2419 οὐδ’
2492 2368 2623 2420 ἄνευ
2657 2367 2941 2436 ἑρμηνέων
2979 2370 3007 2422 ὃ
3034 2388 3102 2424 τι
3141 2371 3394 2439 βούλεσθε
3434 2375 3725 2435 συνιέντες,
3758 2377 3912 2426 ἒπει-

2352 2455 2416 2524 δὴ
2464 2457 2624 2523 μόνον
2673 2457 2764 2508 τὸν
2817 2443 3048 2524 Χριστὸν
3106 2460 3224 2526 μεθ’
3257 2449 3412 2528 ἡμῶν
3445 2463 3913 2531 προσκυνοῦντας.

2351 2542 2622 2610 ἠκούομεν
2669 2543 2771 2595 ὑπὸ
2823 2545 2930 2596 τῶν
2968 2545 3255 2615 βαρϐάρων
3299 2551 3761 2604 καταπατεῖσθαι·
3816 2554 3914 2605 καὶ

2350 2633 2450 2699 τὴν
2483 2632 2580 2699 μὲν
2609 2633 2878 2703 ὑμετέραν
2906 2635 3008 2703 γῆν
3036 2637 3264 2698 ἐκείνοις
3289 2637 3473 2708 φέρειν
3501 2641 3626 2703 τοὺς
3657 2644 3914 2708 καρποὺς

2351 2724 2446 2775 καὶ
2475 2724 2546 2777 ,τά
2571 2724 2756 2793 κέρδη,
2783 2726 2878 2788 τὰς
2920 2726 2976 2778 δὲ
3007 2728 3186 2790 πόλεις
3214 2729 3305 2781 ὑπ’
3342 2730 3563 2782 ἐκείνων
3599 2733 3915 2800 ἀνασταθῆ-

2352 2829 2439 2864 ναι
2462 2829 2478 2844 ·
2515 2813 2608 2865 καὶ
2653 2813 2756 2866 τῶν
2807 2815 2905 2882 μὲν
2937 2817 3202 2883 σωμάτων
3232 2819 3330 2870 ὅσα
3371 2819 3432 2870 τὸ
3481 2819 3629 2888 ξίφος
3662 2821 3913 2887 διέςυγε,

2355 2905 2662 2974 πανταχόσε
2712 2905 3077 2975 διασπαρέντα
3126 2907 3434 2961 δουλεύειν·
3486 2911 3587 2971 τὰς
3635 2911 3691 2962 δὲ
3726 2911 3911 2980 ψυχάς

2351 2994 2469 3064 ἅμα
2513 2982 2727 3058 τούτοις
2751 2996 2818 3048 τά
2848 2996 2944 3064 μὲν
2986 2995 3097 3066 βίᾳ,
3129 2998 3198 3049 τὰ
3221 2998 3279 3050 δὲ
3309 2999 3488 3052 πειθοῖ
3532 3001 3624 3052 καὶ
3672 3003 3740 3070 τῇ
3780 3003 3911 3054 καθ’

2353 3088 2567 3157 ἡμέραν
2617 3088 2750 3157 πρὸς
2798 3087 3016 3150 τούτους
3060 3089 3248 3159 ὁμιλία
3289 3091 3633 3158 μιαίνεσθαι·
3682 3091 3913 3145 τοσοῦτο

2278 3185 2320 3241 C
2352 3178 2396 3231 δ’
2433 3179 2560 3245 ὑμῖν
2599 3179 2696 3245 τῆς
2730 3177 2910 3248 χώρας
2957 3179 3263 3247 λειφθῆναι,
3293 3181 3415 3234 ὅσον
3448 3182 3580 3250 μηδι
3611 3183 3747 3250 πρὸς
3777 3184 3910 3245 τοὺς

2358 3269 2556 3338 φόρους
2581 3267 2672 3329 οὓς
2705 3269 2874 3320 οἴσετε
2907 3270 3020 3330 τοῖς
3059 3268 3357 3340 βαρϐάροις
3392 3271 3616 3340 ἀρκεῖν·
3648 3271 3825 3324 πάντα
3852 3273 3912 3326 δὲ

2354 3359 2446 3411 τὸν
2477 3343 2748 3427 ὑμέτερον
2786 3359 2987 3427 κόσμον
3021 3359 3158 3428 πρὸς
3188 3360 3433 3424 ἐκείνους
3470 3363 3911 3430 μετατεθείσθαι,

2357 3450 2455 3501 καὶ
2487 3448 2672 3502 λοιπὸν
2716 3446 2880 3517 εὐχὴν
2913 3448 3041 3516 ὑμῖν
3069 3445 3210 3502 εἶναι
3237 3449 3298 3502 τδ
3321 3449 3451 3517 γοῦν
3466 3450 3750 3506 δουλεύειν
3777 3467 3915 3518 συγ-

2356 3536 2664 3606 χωρηθῆναι
2684 3551 2699 3566 ·
2736 3537 2910 3590 ταῦτα
2938 3538 3034 3604 τῆς
3063 3540 3247 3608 φήμης
3277 3540 3622 3604 ἀκούσαντες,
3647 3542 3741 3594 καὶ
3770 3558 3913 3609 συμ-

2357 3627 2526 3693 φοράν
2559 3626 2692 3677 ίδίαν
2729 3626 2797 3678 τὰ
2823 3627 2992 3678 οἰκεῖα
3034 3627 3380 3696 λογισάμενοι
3412 3629 3560 3699 πάθη
3591 3672 3608 3696 ,
3649 3632 3742 3683 καὶ
3771 3631 3912 3703 μηδὲ

2354 3716 2452 3783 τὴν
2482 3714 2635 3767 ταῦτ’
2665 3715 2894 3783 ὲροῦσαν
2918 3716 3213 3786 πρεσϐείαν
3238 3717 3366 3788 παρ’
3396 3718 3559 3788 ὑμῶν
3584 3719 3918 3788 ἀναμείναν-

2354 3824 2466 3872 τες,
2493 3805 2787 3876 ἐξήλθομεν
2822 3807 2922 3876 μὲν
2969 3805 3075 3859 τῶν
3109 3809 3381 3878 πατρίδων
3405 3849 3419 3874 ,
3461 3808 3826 3880 κατελίπομεν
3855 3813 3917 3864 δὲ

2355 3900 2545 3965 γονέας
2582 3900 2676 3951 καὶ
2714 3899 2900 3967 φίλους
2951 3900 3045 3951 καὶ
3102 3900 3224 3962 τοὺς
3277 3901 3470 3964 ἄλλους
3525 3902 3913 3970 ἐπιτηδείους,

2353 3988 2638 4055 δεομένους
2667 3988 2962 4054 καθῆσθαι,
2994 3989 3084 4040 καὶ
3112 3989 3218 4040 τῶν
3249 3988 3386 4042 οίκοι
3439 3992 3576 4058 μετὰ
3619 3993 3728 4043 τῶν
3777 4009 3913 4058 σμγ-

2358 4078 2530 4142 γενῶν
2580 4076 3119 4146 άπολαύεινηξδέωνδ
3170 4079 3262 4130 καὶ
3306 4079 3380 4148 μὴ
3426 4082 3914 4150 περιεργάζεσθαι,

2358 4168 2490 4239 μηδὲ
2525 4169 2633 4220 τῶν
2666 4168 2772 4220 άπὸ
2801 4167 2892 4220 τοῦ
2919 4167 3169 4235 ’πολέμου
3220 4172 3405 4223 κακῶν
3449 4173 3542 4224 καὶ
3569 4175 3668 4241 τῆς
3707 4173 3914 4243 ἑτέρων

2355 4259 2522 4328 τύχης
2573 4259 2944 4326 κληρονομεῖν.
2983 4254 3160 4310 Ἦσαν
3211 4259 3268 4312 δὲ
3313 4262 3424 4322 τοῖς
3469 4261 3708 4314 πλείοσιν
3751 4264 3912 4332 ἡμῶν

2356 4350 2450 4401 καὶ
2485 4352 2740 4414 γυναῖκες
2785 4349 2878 4401 καὶ
2901 4349 3088 4410 τέκνα,
3124 4348 3181 4400 αἱ
3213 4349 3310 4418 μὲν
3358 4350 3584 4418 ἀνδρῶν,
3615 4352 3683 4403 τά
3718 4353 3774 4405 δὲ
3807 4370 3915 4405 παι

2353 4439 2527 4508 τέρων
2555 4438 2800 4506 δεόμενα.
2840 4438 2946 4490 Καὶ
2996 4438 3108 4490 ίστε
3139 4439 3263 4498 τοὺς
3294 4439 3393 4507 τῆς
3444 4441 3620 4502 οίκίας
3677 4444 3911 4509 ἔρωτας,

700 4531 818 4567 rum
852 4523 1020 4566 uestra
1053 4515 1227 4583 potius
1256 4516 1531 4567 habuimus
1584 4515 1770 4566 salute.
1832 4515 1968 4578 Quin
2014 4516 2252 4585 neglectis

2361 4528 2455 4579 καὶ
2481 4526 2555 4588 ὡς
2581 4529 2677 4595 τὴν
2719 4528 2776 4591 ἐξ
2808 4527 3110 4595 ἀδάμαντος
3147 4529 3368 4596 καρδίαν
3414 4531 3550 4599 γυνὴ
3589 4531 3912 4601 δακρύσασα

704 4605 962 4670 omnibus,
1023 4621 1084 4656 ac
1127 4606 1320 4675 grandi
1365 4604 1531 4657 classe.
1575 4621 1817 4674 magnum
1847 4608 2253 4659 transmittentes

705 4696 942 4765 pelagus,
972 4697 1234 4765 marisque
1257 4712 1318 4748 ac
1347 4704 1715 4762 tempestatum
1741 4713 1828 4748 nos
1864 4697 2066 4749 casibus
2103 4714 2254 4763 crpo-

703 4798 902 4845 nentes,
936 4786 1085 4838 nulla
1105 4787 1246 4837 nobis
1271 4787 1511 4838 condicta
1538 4787 1792 4849 mercede,
1826 4804 1887 4839 ac
1904 4803 1993 4838 nec
2018 4798 2250 4856 sperata,

708 4885 918 4943 excepta
950 4876 1178 4929 utilitate
1210 4885 1406 4940 vestra,
1454 4872 1687 4930 uenimus
1728 4894 1819 4946 pro
1858 4878 1997 4931 vobis
2038 4879 2270 4942 armati,‘

706 4969 849 5020 haud
881 4947 1020 5021 secus
1054 4984 1116 5020 ac
1147 4984 1240 5035 pro
1265 4969 1405 5020 nobis
1436 4967 1559 5034 ipsis
1593 4987 1653 5021 ac
1670 4972 1969 5037 parentibus
2001 4988 2016 5021 :
2051 4968 2259 5023 multis-v

702 5076 800 5124 que
830 5068 950 5112 ante
973 5061 1270 5112 descensum
1296 5076 1322 5112 e
1350 5061 1561 5112 navibus
1595 5061 1819 5128 defuncti
1851 5063 2114 5128 periculis,
2139 5079 2255 5114 eum

705 5146 954 5212 But-buris
1006 5165 1198 5218 magna
1243 5150 1625 5217 prohibentibus
1679 5152 1868 5203 virtute
1900 5193 1912 5215 ,
1979 5169 2077 5206 non
2145 5156 2254 5205 sine

703 5240 898 5307 grandi
922 5240 1220 5290 discrimine
1252 5256 1312 5291 ac
1353 5239 1528 5292 labore
1547 5242 1730 5308 primis
1779 5257 1953 5293 eorum
1985 5243 2252 5309 repressis,

701 5331 770 5381 ad
804 5329 1102 5402 prtesidium
1125 5331 1382 5392 venimus,
1401 5339 1509 5382 tum
1529 5331 1734 5397 quidem
1761 5332 1895 5384 vobis
1919 5334 2058 5384 omni
2085 5334 2256 5401 majus

709 5422 906 5481 pretio;
946 5435 1083 5472 nunc
1115 5429 1310 5482 autent,
1345 5425 1481 5489 q'uod
1519 5424 1769 5483 habeatis,
1824 5441 1885 5477 ne
1917 5427 1969 5477 in
2001 5428 2255 5478 accessio-

705 5512 780 5561 nis
811 5511 1014 5572 quidem
1052 5519 1251 5578 partem
1287 5512 1519 5566 habitum
1541 5555 1553 5575 ,
1616 5514 1825 5584 Deoque
1855 5517 1976 5567 bene
2008 5518 2252 5584 prapitio,

701 5600 836 5651 illud
862 5601 1069 5669 quidem
1102 5605 1350 5670 cepimus,
1384 5606 1652 5672 hostesque
1688 5607 1826 5673 turpi
1856 5606 1979 5674 fuga
2025 5607 2255 5658 recedere

701 5691 978 5758 coegimus.
1011 5707 1070 5744 ac
1096 5695 1301 5746 demum
1333 5682 1523 5746 vestros
1555 5694 1664 5747 illic
1683 5697 1908 5763 captivos
1940 5697 2255 5763 recepimus;

706 5782 968 5846 armisque
999 5800 1056 5834 ac
1093 5801 1325 5848 unm-nu,
1351 5787 1590 5852 uirisque,
1612 5802 1670 5836 ac
1698 5785 1930 5838 omnibus
1956 5785 2256 5839 necessariis

2361 4617 2647 4686 μαλάξειεν
2717 4619 2824 4682 ἂν,
2900 4619 2994 4668 καὶ
3037 4619 3241 4690 τέκνων
3305 4620 3558 4673 ἀσθένεια
3629 4625 3913 4691 πατρικῶν

2356 4704 2648 4773 ὀφθαλμῶν
2694 4705 2944 4774 δεομένη.
2979 4701 3118 4755 Ἀλλ’
3150 4707 3296 4773 ὅμως
3329 4707 3479 4758 οὐδὲν
3523 4707 3732 4761 τούτων
3783 4713 3913 4780 ἡμῖν

2359 4798 2463 4865 πρὸ
2493 4797 2590 4864 τῆς
2620 4797 2888 4865 ὑμετέρας
2927 4796 3118 4862 γέγονε
3156 4797 3459 4865 σωτηρίας·
3511 4797 3644 4848 ἀλλὰ
3695 4801 3912 4852 πάντων

2360 4885 2726 4953 ὑπεριδόντες,
2760 4887 2852 4938 καὶ
2891 4885 3114 4954 μεγάλῳ
3146 4884 3315 4953 στόλῳ
3346 4885 3488 4954 μέγα
3524 4886 3766 4954 πέλαγος
3793 4889 3910 4942 δια-

2361 4976 2574 5039 ϐάντες,
2625 4979 2717 5030 καὶ
2749 4980 2867 5037 sui;
2904 4979 2999 5040 τῆς
3049 4976 3317 5045 θαλάττης
3362 4977 3456 5028 καὶ
3484 4978 3590 5029 τῶν
3624 4981 3911 5046 χειμώνων

2356 5067 2544 5135 τύχαις
2580 5069 2721 5135 ἡμᾶς
2756 5066 2944 5128 αὑτοὺς
2974 5066 3281 5131 ὑποθέντες,
3316 5066 3530 5127 οὐδενὸς
3560 5068 3701 5136 ἡμῖν
3729 5085 3913 5136 προει-

2361 5157 2619 5226 ρημένου,
2657 5157 2770 5210 ἀλλ’
2819 5154 2929 5208 οὐδ’
2977 5156 3355 5225 ἐλπιζομένου,
3411 5158 3548 5223 πλὴν
3603 5155 3706 5223 τῆς
3759 5158 3909 5225 ὑμῶν

2357 5248 2644 5314 ὠφελείατ,
2687 5249 2896 5316 μισθοῦ,
2929 5248 3135 5317 ἥκομεν
3183 5248 3322 5316 ὑπὲρ
3356 5248 3508 5315 ὑμῶν
3543 5247 3640 5315 οὑχ
3684 5243 3906 5320 ἦττονῆ

2359 5336 2514 5403 ἡμῶν
2544 5338 2721 5388 αὑτῶν
2747 5338 2839 5386 καὶ
2869 5335 2975 5387 τῶν
3009 5338 3229 5402 γονέων,
3265 5337 3331 5389 τὰ
3356 5335 3494 5388 ὅπλα
3525 5337 3786 5401 θέμενοι·
3821 5322 3909 5392 καὶ

2360 5429 2486 5492 πρὶν
2518 5427 2626 5478 τῶν
2656 5427 2790 5478 νεῶν
2824 5427 3114 5495 ἀποϐῆναι,
3160 5427 3327 5479 πολλὰ
3363 5428 3498 5496 πρδς
3535 5430 3661 5492 τοὺς
3711 5431 3910 5498 βαρϐά-

2363 5532 2486 5582 ρους
2535 5515 2964 5582 κιδυνεὺσαντες,
3009 5516 3219 5587 μεγάλῃ
3248 5517 3475 5584 δυνάμει
3506 5517 3602 5585 τὴν
3642 5519 3907 5570 άπὸὁασιν

2360 5605 2664 5672 εἴργοντας,
2701 5606 2798 5656 οὐκ
2832 5607 2957 5660 ἄνευ
2988 5608 3243 5659 κινδύνων
3273 5609 3365 5660 καὶ
3379 5609 3542 5661 πόνου
3568 5607 3764 5660 πολλοῦ
3789 5612 3907 5670 τοὺς

2361 5697 2606 5762 πρώτους
2635 5698 2811 5747 αὐτῶν
2857 5697 3172 5764 βιασάμενοι
3218 5699 3312 5749 ἐπὶ
3344 5701 3403 5750 τὸ
3450 5699 3625 5766 τεῖχος
3663 5699 3898 5767 ἥκομεν·

2362 5785 2418 5836 τὸ
2455 5787 2570 5836 τότε
2629 5785 2724 5852 μὲν
2778 5787 2902 5852 ὑμῖν
2951 5784 3164 5840 πάντων
3213 5785 3449 5852 ἀνάξιον,
3501 5784 3596 5838 νῦν
3629 5785 3675 5839 δ’
3727 5787 3906 5856 ἐπειδὴ
