4166 6330
170 458 311 521 1065

1361 454 1652 515 CONTRA
1694 451 2207 531 MAIIOMETEM.

3237 450 3373 512 1066

157 568 451 620 ὑπόλοιπον
484 567 588 619 πᾶν
622 566 1141 635 καταλογισϐήσεται
1190 564 1265 633 τῷ
1305 566 1457 631 πυρί.
1496 565 1645 632 Αῦτη
1681 565 1713 633 ἡ

1818 563 1966 616 lianc
1999 559 2324 626 sententiam
2358 556 2696 613 verissimam
2746 569 2865 611 esse
2895 552 3081 621 credo,
3108 565 3161 611 et
3219 556 3264 611 si
3299 558 3368 611 ab

154 660 433 725 ἀπόφασις
466 657 607 709 οὕτω
657 660 850 727 κρατεῖ
882 659 1011 728 παρ’
1052 658 1252 722 αὐτοῖς,
1304 657 1441 709 ὥστε
1503 657 1708 725 μηδένα

158 750 299 814 μήτε
336 749 494 815 σοφὸν
529 750 662 817 μήτε
692 748 918 817 ἀνόητον
965 751 1165 816 ταύτην
1196 747 1495 815 φαυλίζειν.
1542 748 1709 815 ’Ἄλλη

154 839 289 905 περὶ
323 838 416 889 τοῦ
446 838 609 889 αὐτοῦ
648 838 847 906 ὁμοίως
890 838 1161 903 ἀπόφασίς
1192 839 1337 889 ἐστιν
1363 840 1421 890 ὲν
1467 838 1545 905 τῷ
1586 838 1706 889 Ἀλ-

153 930 397 997 κοράνῳ,
422 931 478 979 ὲν
507 928 581 994 τῷ
612 929 892 996 κεφαλαίῳ
920 927 996 996 τῷ
1019 924 1260 998 Μαριὴλ,
1297 928 1324 980 ὃ
1349 926 1707 997 ’ἑρμηνεύεται

155 1019 373 1084 Μαρία,
408 1018 639 1083 λέγουσα
671 1017 877 1078 πάντας
913 1018 991 1079 είς
1027 1014 1117 1069 τὸν
1150 1017 1281 1086 ᾅδην
1312 1018 1708 1070 ἀπελεύσεσθαι

153 1109 283 1170 τοὺς
311 1106 709 1201 Σαρῤακηνρύς.
740 1106 954 1175 Ταύτην
989 1104 1385 1175 τηνάπόφασιν
1419 1104 1712 1173 ἀληθεστά-

154 1217 259 1266 την
280 1196 423 1251 εἶναι
442 1196 695 1259 πιστεύω,
725 1196 772 1247 εἱ
802 1198 896 1249 καὶ
918 1197 1066 1266 παρὰ
1098 1198 1362 1266 στόματος
1388 1197 1511 1249 καθ’
1539 1198 1710 1257 ὑπερ-

155 1290 325 1359 ὅολὴν
378 1287 604 1357 ψευδοῦς
641 1289 1054 1357 προενήνεκται.
1088 1289 1202 1341 Κάν
1249 1288 1479 1359 τούτῳΙὸ
1510 1287 1711 1355 ψευδὴς

154 1352 448 1447 Moesta;
498 1380 555 1430 ὲν
597 1381 661 1447 τῇ
685 1352 889 1449 *πρώτῃ
926 1379 1151 1448 ἀληθείᾳ
1200 1352 1707 1448 συνᾴδειίεξπούση,

160 1490 177 1519 ι
218 1472 453 1523 Πλατεῖα
484 1470 546 1554 ἡ,
569 1459 687 1532 ὁδὸς
732 1472 764 1539 ή
816 1472 1100 1537 ἀπάγουσα
1155 1473 1238 1533 είς
1264 1459 1373 1539 τὴν
1410 1469 1710 1531 ἀπώλειαν,

156 1561 253 1609 καὶ
288 1559 470 1610 πολλοί
507 1560 642 1611 είσιν
676 1562 723 1612 οί
754 1562 1119 1630 εἰσερχόμενοι
1152 1560 1219 1612 δι’
1252 1560 1442 1626 αὐτῆς.
1482 1580 1523 1633 »η
1567 1561 1714 1627 Ἀρι-

152 1646 331 1710 δήὶως
352 1646 532 1698 τοίνυν
552 1649 614 1698 ὲκ
634 1647 739 1699 τῶν
763 1648 1170 1715 προειρημένων
1196 1646 1475 1715 συμϐαίνει
1501 1647 1588 1697 τὸν
1604 1648 1712 1697 τῶν

155 1731 529 1798 Σαῤῥακηνῶν
567 1732 728 1799 νόμον
759 1728 896 1783 εἶναι
929 1731 1154 1794 πλατὺν,
1185 1733 1279 1782 καὶ
1310 1731 1537 1791 πολλοὺς
1572 1727 1709 1782 εἶναι

152 1813 665 1885 τῶνἙαρρακηνῶν
713 1819 837 1878 τοὺς
865 1816 932 1868 δι’
960 1816 1123 1869 αὐτοῦ
1170 1818 1455 1881 είσιόντας,
1502 1818 1597 1869 καὶ
1632 1819 1711 1878 εἰς

1818 668 1914 705 ore
1943 651 2239 704 secundum
2287 663 2570 703 excessum
2601 647 2873 702 mendacii
2912 655 3037 700 ante
3075 638 3230 702 allata
3259 649 3365 702 est.

1818 745 1883 797 Et
1910 745 1960 795 in
2005 744 2105 795 hoc
2134 741 2300 793 l‘alsus
2330 738 2595 806 pr0pheta
2620 754 2741 792 cum
2774 740 2949 807 prima
2984 740 3209 793 veritate
3238 753 3391 792 con--

1820 843 1983 893 \‘Cllll,
2008 846 2127 898 qua:
2162 829 2294 881 diett
2322 846 2334 881 ε
2358 847 2394 877 -(·
2418 828 2546 881 Lata
2570 834 2654 881 est
2679 828 2763 880 via
2792 843 2912 895 qua:
2932 828 3085 882 ducit
3112 829 3164 881 in
3194 828 3377 897 perdi-

1818 925 2113 978 tiunem,ct
2136 919 2286 971 mulli
2318 926 2444 971 sunt
2470 917 2560 985 qui
2582 916 2961 985 ingrediuntur
2991 932 3088 983 per
3117 933 3235 971 eam
3256 920 3319 972 η.
3347 938 3366 969 ι

1822 1012 2099 1063 Manifeste
2125 1008 2287 1077 igitur
2311 1022 2376 1063 ex
2402 1005 2670 1075 prmdictis
2684 1007 2953 1067 convenit,
2977 1006 3370 1060 Saracenorum

1816 1101 1983 1168 legem
2007 1101 2165 1151 latam
2185 1114 2325 1164 esse,
2342 1113 2397 1152 et
2413 1098 2608 1150 multos
2626 1110 2744 1149 esse
2762 1094 3149 1148 Saracenorum
3169 1095 3257 1164 qni
3276 1110 3376 1161 per

1817 1206 1934 1245 eam
1971 1190 2366 1257 ingrediuntur,
2393 1195 2446 1240 et
2477 1188 2527 1238 in
2555 1185 2821 1251 infernum
2846 1192 3146 1245 transeunt.
3175 1183 3241 1236 Et
3267 1182 3372 1236 hoc

1819 1296 1924 1332 non
1955 1294 2017 1331 ex
2051 1293 2143 1331 ore
2160 1278 2331 1330 solum
2366 1276 2607 1329 veritatis
2654 1264 3023 1336 manifestum,
3055 1273 3148 1326 sed
3184 1287 3247 1328 ex
3284 1287 3377 1325 ore

1818 1370 2090 1438 prophetae
2105 1354 2195 1436 qui
2215 1367 2353 1434 apud
2370 1365 2719 1420 eosesultem
2755 1364 3075 1417 Alcoranum
3108 1378 3215 1417 non
3246 1377 3377 1425 con-

1818 1460 2227 1526 vcnitcumlege
2246 1456 2411 1525 Moysi
2468 1456 2517 1507 in
2557 1454 2843 1516 mandatis,
2862 1463 2917 1507 et
2953 1453 3003 1505 in
3048 1439 3245 1520 quibus
3277 1466 3380 1508 nos

1818 1550 2029 1605 avertit.
2053 1548 2159 1600 Lex
2198 1548 2341 1600 enim
2385 1546 2477 1599 Dei
2541 1545 2793 1614 prohibet
2840 1544 3037 1597 eadem
3066 1583 3082 1607 ,
3114 1544 3415 1611 rapinam,.

1818 1640 2310 1708 concupiscentiam
2332 1652 2547 1691 omnem
2566 1655 2579 1700 ;
2596 1637 2917 1690 Alcoranum
2942 1644 3119 1687 autem
3135 1634 3380 1705 veljubct

1819 1729 2060 1790 ﬁeri,vel
2098 1722 2379 1795 permittit.
2409 1727 2540 1780 item
2570 1742 2747 1793 neque
2775 1726 2828 1777 in
2861 1724 3081 1794 judiciis
3101 1724 3378 1779 convenit.

1819 1818 2158 1887 Moysienim
2228 1818 2309 1868 lex
2340 1826 2395 1869 et
2452 1816 2805 1883 Evangelium
2846 1815 3001 1877 dicit,
3044 1814 3251 1866 nullum
3285 1813 3381 1867 de-

150 1910 244 1955 τδν
269 1906 404 1974 ᾇδην
434 1906 882 1975 κατερχομένους.
918 1905 1209 1957 Καὶντοῦτο
1241 1906 1339 1957 οὐκ
1376 1908 1441 1965 ἐκ
1471 1905 1565 1957 τοῦ
1594 1906 1713 1956 στό-

1822 1908 1951 1963 bere
1987 1924 2092 1961 uno
2148 1917 2378 1961 testante
2413 1904 2800 1977 comdemnari,
2832 1904 2926 1957 sed
2964 1904 3015 1956 in
3064 1918 3158 1957 ore
3210 1904 3375 1957 trium

156 2013 330 2061 ματος
366 1997 525 2063 μόνον
558 1997 658 2063 τῆς
708 1995 964 2064 ἀληθείας
1017 1997 1197 2065 δῆλον,
1228 1996 1361 2048 ἀλλὰ
1406 1978 1497 2049 καὶ
1530 1998 1592 2048 ἐκ
1620 1995 1712 2048 τοῦ

153 2085 425 2153 στὸματος
452 2085 542 2137 τοῦ
580 2088 708 2155 παρ’
738 2088 918 2147 αὐτοῖς
949 2088 1248 2155 προφήτου.
1283 2088 1400 2139 Ἔτι
1432 2086 1491 2138 τὸ
1525 2085 1711 2137 Ἀλκο-

154 2176 324 2243 ράνον
344 2175 417 2226 -οὑ
447 2178 728 2243 συμφωνεῖ
757 2176 832 2245 τῷ
860 2176 953 2227 τοῦ
981 2176 1115 2227 Θεοῦ
1144 2176 1291 2244 νόμῳ
1314 2174 1369 2227 ἔν
1399 2191 1458 2226 τε
1487 2177 1605 2236 ταῖς
1635 2175 1718 2225 ὲν-

153 2267 358 2330 τολαῖς,
397 2267 491 2317 καὶ
549 2252 996 2333 οἷίάποτρέπει.
1044 2267 1104 2317 '0
1139 2265 1238 2334 μὲν
1291 2266 1397 2334 γὰρ
1451 2265 1544 2315 τοῦ
1580 2262 1712 2315 Θεοῦ

152 2360 320 2423 νῦμος
351 2357 543 2409 κωλύει
576 2359 753 2423 φόνον,
789 2356 1065 2426 ἁρπαγὴν,
1105 2357 1420 2426 ἐπιθυμίαν,
1457 2356 1491 2409 ἃ
1526 2358 1705 2408 πάντα

152 2449 212 2497 τὸ
246 2446 568 2513 Ἀλκοράνον
598 2446 629 2514 ἢ
657 2446 1147 2513 κελεύειγίνεσθαι,
1179 2446 1209 2515 ἢ
1246 2447 1535 2514 συγχωρεῖ.
1588 2446 1714 2496 Ἔτι

152 2537 275 2588 οὐδὲ
308 2538 368 2586 ὲν
388 2538 509 2597 ταῖς
533 2536 705 2598 δίκαις
728 2538 964 2606 συνᾴδει.
1004 2536 1058 2590 'U
1087 2538 1186 2606 μὲν
1214 2537 1319 2605 γάρ
1350 2535 1441 2588 τοῦ
1470 2537 1710 2596 Μωσέως

152 2628 340 2696 νόμος,
382 2626 474 2678 καὶ
503 2628 561 2677 τὸ
607 2628 931 2693 Εὐαγγέλιόν
981 2630 1111 2697 φησι
1170 2626 1372 2696 μηδένα
1421 2625 1712 2678 καταδικά-

152 2716 368 2779 (adeat,
416 2717 818 2787 μαρτυροῦντος
860 2718 998 2781 ἐνὸς,
1032 2719 1148 2773 ἀλλ’
1179 2719 1270 2769 ἐπὶ
1318 2716 1581 2785 στόματος
1623 2715 1718 2768 δύο

154 2807 456 2875 μαρτύρων
486 2808 519 2878 ἢ
556 2809 745 2876 τριῶν·
777 2809 844 2861 τὰ
875 2808 918 2860 δ’
950 2809 1164 2861 ἐναντία
1190 2808 1392 2862 τούτων
1432 2810 1715 2878 εὑρίσκον-

148 2912 242 2949 ται
269 2899 328 2948 ὲν
354 2897 432 2967 τῷ
454 2899 732 2967 κεφαλαίῳ
754 2898 831 2967 τῷ
867 2900 1107 2968 Ἐλνοὺρ,
1134 2901 1160 2951 ὃ
1190 2900 1547 2969 ἑρμηνεύεται
1569 2898 1711 2967 φῶς,

148 2986 286 3039 ὅπου
311 2987 374 3039 τὸ
398 2988 496 3055 μὲν
522 2986 850 3055 ἀναγκάζειν
872 2990 1040 3050 αὑτὰς
1061 2987 1359 3044 άπολλύναί
1388 2989 1483 3059 τὴν
1506 3006 1714 3058 σωφρο-

1819 2002 1903 2053 vel
1936 2000 2167 2053 duorum
2219 1999 2433 2051 testium
2468 2004 2576 2049 stat
2629 2010 2786 2049 omne
2815 1994 3057 2047 verbum.
3098 1993 3381 2049 Contraria

1823 2101 2002 2146 autem
2030 2093 2219 2145 horum
2248 2090 2601 2149 inveniuntur
2658 2087 2710 2141 in
2748 2082 2986 2155 capitulo
3014 2086 3203 2153 Elmir,
3236 2085 3380 2153 quod

1822 2182 2213 2251 interpretatur
2254 2180 2366 2242 lux,
2407 2178 2501 2233 ubi
2556 2178 2874 2247 prohibetur
2936 2192 3005 2231 ne
3056 2176 3381 2244 compellant

1822 2288 1916 2326 eas
1974 2271 2282 2324 castitatem
2348 2270 2647 2335 dimittere,
2703 2282 2827 2323 cum
2912 2266 3381 2322 consentientibus

1825 2370 2004 2414 autem
2063 2374 2253 2413 secure
2311 2360 2565 2413 similiter
2592 2358 2833 2411 dormire
2861 2357 3015 2411 dicit.
3056 2355 3168 2408 [loc
3194 2363 3376 2408 autem

1824 2451 2006 2519 ipsum
2030 2449 2378 2523 manifestum
2433 2447 2611 2502 estin
2672 2448 2911 2515 capitulo
2965 2428 3244 2508 Elminim,
3281 2443 3379 2497 ubi

1823 2541 2091 2609 permittit
2119 2554 2242 2592 eum
2276 2539 2514 2608 prOpriis
2570 2538 2851 2604 uxoribus,
2903 2547 2957 2590 et
3008 2551 3130 2590 cum
3179 2536 3380 2604 quibus

1823 2633 1947 2700 quis
1978 2631 2033 2684 in
2088 2630 2231 2684 bello
2279 2644 2474 2700 capere
2506 2638 2692 2698 posset
2747 2628 3002 2682 misceri.-
3039 2624 3377 2679 Manifestum

1822 2722 1989 2791 igitur
2014 2720 2265 2775 Alcorani
2304 2721 2476 2789 legem
2521 2735 2630 2773 non
2661 2733 2781 2773 esse
2820 2708 2993 2787 legem
3055 2716 3170 2782 Dei,
3198 2730 3379 2784 neqne

1822 2827 1851 2865 a
1880 2813 1987 2866 Deo
2001 2828 2145 2875 esse,
2167 2812 2271 2866 nisi
2293 2810 2431 2865 forte
2450 2826 2545 2881 per
2566 2810 3003 2880 permissionem,
3026 2808 3165 2862 sicut
3184 2812 3239 2860 et
3253 2804 3377 2859 alia.

1822 2899 2015 2952 Diﬂ‘ert
2039 2889 2184 2953 enim
2214 2899 2281 2951 ab
2313 2899 2404 2953 illa
2434 2909 2490 2954 et
2520 2899 2820 2953 secundum
2874 2897 3234 2953 intentionem
3256 2894 3376 2958 Dei,

1820 2990 1913 3057 qui
1946 2989 2176 3041 salutem
2207 2988 2492 3043 hominum
2524 2988 2817 3043 desiderat.

155 3080 331 3149 σύνην
358 3080 646 3145 κωλύεται,
680 3083 1098 3151 συμφωνούσαις
1142 3083 1198 3135 δὲ
1235 3083 1491 3153 ἀσφαλῶς
1525 3081 1916 3149 συγκαθεύδειν
1944 3081 2103 3150 φησί.
2143 3080 2215 3132 T6
2244 3081 2291 3133 δ’
2320 3080 2452 3145 αὐτὸ
2481 3078 2674 3146 δῆλον·
2704 3080 2799 3131 καὶ
2861 3078 2920 3130 ὲν
2981 3076 3061 3145 τῷ
3096 3076 3379 3145 κεφαλαίῳ

148 3172 233 3241 τῷ
277 3173 676 3245 ⁹Ελμουμηγ¹ιμ,
707 3176 839 3227 ὅπου
871 3176 1146 3243 συγχωρεῖ
1170 3175 1308 3244 μετά
1338 3191 1397 3226 τε
1426 3178 1534 3228 τῶν
1566 3175 1715 3228 ίδίων
1749 3174 2046 3242 γυναικῶν,
2080 3174 2176 3226 καὶ
2195 3166 2269 3226 ὧν
2292 3175 2357 3227 ἄν
2384 3188 2467 3233 τις
2494 3173 2551 3224 ὲν
2581 3170 2802 3239 πολέμῳ
2864 3169 3004 3241 λάϐῃ
3066 3170 3373 3239 μίγνυσθαι.

148 3267 397 3335 Φανερδν
426 3268 606 3320 τοίνυν
635 3267 725 3319 τὸν
757 3266 850 3321 τοῦ
900 3268 1223 3339 ’Δλκοράνου
1269 3268 1431 3333 νόμον
1469 3268 1545 3337 μὴ
1572 3264 1728 3327 εἷναι,
1750 3268 1911 3334 νόμον
1940 3266 2098 3329 Θεοῦ,
2141 3266 2275 3335 μήτε
2306 3263 2458 3334 παρὰ
2483 3261 2630 3341 Θεοῦ
2657 3260 2819 3329 εῖναι,
2882 3264 2933 3315 εί
3002 3263 3074 3331 μή
3103 3247 3379 3341 πουκατὰ

150 3358 527 3428 συγχώρησιν,
572 3358 759 3427 ὥσπερ
789 3358 883 3412 καὶ
930 3338 1071 3412 ἄλλα
1096 3361 1261 3413 κακά.
1306 3358 1564 3426 Διαφέρει
1610 3354 1715 3425 γὰρ
1755 3357 1963 3410 ἐκείνου
2019 3356 2112 3409 καὶ
2147 3356 2286 3410 κατὰ
2314 3354 2405 3408 τὸν
2436 3338 2638 3408 σκοπὸν
2687 3341 2794 3407 ⁴τοῦ
2860 3351 3018 3421 Θεοῦ,
3052 3353 3110 3415 ὃς
3142 3348 3240 3423 τὴν
3268 3338 3378 3407 τῶν

147 3446 457 3515 ἀνθρώπων
496 3444 744 3513 βούλεται
782 3444 1072 3513 σωτηρίαν.

148 3561 245 3624 (Γ.
273 3557 524 3630 Ὀτιςτό-
550 3558 915 3630 ’ᾼλκοράνον
949 3562 1076 3630 οὐκ
1095 3560 1254 3630 Αέστι
1304 3564 1486 3630 νόμος
1529 3563 1707 3629 θεοῦ,

1850 3560 1937 3613 Vl.
1981 3560 2131 3624 Quod
2160 3561 2478 3613 Alcoranum
2504 3574 2607 3611 non
2634 3569 2706 3610 est
2738 3564 2818 3610 (ea:
2848 3558 2966 3630 Dei,
3001 3544 3249 3629 quoniam
3278 3560 3336 3615 in

398 3625 530 3679 ἐπεὶ
561 3628 630 3680 ἐν
658 3628 912 3692 πολλοῖς
935 3627 1123 3692 ἑαυτῷ
1151 3625 1467 3698 ἀντιλέγει.

219 3739 424 3792 Ἕκτον
458 3740 542 3792 δεῖ
584 3738 829 3809 θεωρεῖν,
866 3740 941 3804 ὡς
983 3743 1011 3792 6
1053 3741 1144 3792 τοῦ
1190 3744 1517 3811 Ἀλκοράνου
1551 3744 1712 3811 νόμος

145 3834 208 3884 οὗ
237 3831 333 3883 τοῦ
360 3832 503 3883 θειου
534 3844 695 3901 νομου
720 3832 879 3899 μόνον
906 3833 1222 3897 ἀποστατεῖ,
1248 3832 1361 3884 ἀλλ’
1384 3834 1503 3885 οὐδὲ
1535 3833 1710 3901 ἑαυτῷ

146 3919 461 3988 συμϐαίνει.
529 3922 636 3971 Καὶ
665 3920 821 3972 τοῦτο
871 3922 952 3972 ὅτι
991 3922 1159 3975 κακόν
1210 3923 1345 3987 ἐστι,
1402 3926 1497 3978 καὶ
1549 3920 1710 3987 αὐτὸς

145 4010 515 4078 ἀποφαίνεται
550 4013 577 4063 6
614 4011 875 4080 Μωάμεθ.
912 4013 1049 4082 Φησὶ
1076 4014 1197 4082 γὰρ
1224 4015 1281 4065 ὲν
1317 4014 1392 4083 τῷ
1432 4015 1710 4084 κεφαλαίῳ

145 4102 224 4172 τῷ
256 4102 503 4166 Ἐλνεσᾶ,
535 4101 563 4154 ὃ
599 4103 959 4173 ἑρμηνεύεται
994 4105 1269 4174 γυναῖκες
1294 4147 1308 4171 ,
1341 4107 1402 4157 El
1445 4104 1523 4175 μὴ
1562 4108 1711 4174 παρὰ

149 4193 291 4245 Θεοῦ
320 4190 389 4263 ἦν
425 4192 580 4247 τοῦτο
616 4195 676 4249 τὸ
714 4194 1060 4265 Ἀλκοράνον,
1096 4197 1282 4255 πολλαὶ
1340 4197 1708 4265 ἐναντιότητες

149 4286 470 4353 εὑρίσκοντο
502 4284 567 4339 ἂν
599 4288 657 4339 ἐν
695 4287 865 4354 αὐτῷ.
909 4287 1072 4340 Ἀλλὰ
1108 4287 1215 4357 μὴν
1247 4287 1435 4341 πολλαὶ
1472 4289 1529 4341 ἐν
1559 4289 1708 4357 αὐτῷ

148 4374 526 4443 ἐναντιότητες
563 4376 1406 4446 καῖάντιφάσειςεὑρίσκονται.
1450 4380 1562 4432 Καὶ
1599 4380 1706 4449 γὰρ

145 4469 407 4530 αὒτδςέν
442 4460 657 4531 mihi;
696 4466 879 4529 τόποις
911 4468 1094 4537 φησὶν,
1126 4470 1205 4520 ὅτι
1235 4469 1262 4519 6
1293 4461 1423 4530 Θεὸς
1461 4469 1558 4538 οὐχ
1579 4469 1707 4539 ὁδη-

146 4560 237 4627 γεῖ
262 4560 355 4609 τὸν
379 4556 724 4626 πλανώμενον
744 4569 759 4585 °
789 4556 884 4607 καὶ
912 4558 1060 4626 ὅμως
1091 4556 1252 4620 αὐτὸς
1275 4555 1513 4611 διδάσκει
1544 4576 1707 4628 προσ-

145 4647 430 4717 εύχεσθαι,
462 4647 528 4701 ἵν’
554 4649 827 4717 δδηγοῑντο
854 4648 932 4700 ’ὲκ
956 4647 1049 4701 τοῦ
1080 4648 1306 4711 σκότους
1344 4648 1423 4711 είς
1469 4649 1528 4701 τδ
1567 4650 1702 4718 φῶς,

146 4740 244 4792 καὶ
280 4741 345 4791 ὲκ
378 4738 479 4806 τῆς
519 4739 732 4802 ἀνοδίας
773 4743 853 4802 είς
878 4738 973 4809 τὴν
1003 4738 1293 4809 εὐθύτητα.
1329 4740 1447 4793 Ἐτι
1480 4741 1539 4793 τέ
1571 4758 1705 4811 φησι

151 4829 279 4898 περὶ
304 4829 520 4894 ἑαυτοῦ,
551 4829 625 4893 ὡς
655 4831 862 4898 γένοιτο
892 4832 1124 4901 ὀρφανὸς
1154 4833 1210 4884 ἐν
1242 4832 1417 4903 πλάνῃ
1438 4847 1452 4861 ·
1487 4833 1705 4886 εἰδωλο-

2213 3630 2391 3682 multis
2425 3629 2976 3696 sibiipsi‘contradicit.

1882 3742 2046 3795 Sexto
2089 3749 2307 3808 oportet
2340 3741 2630 3817 speculari,
2658 3741 2800 3808 quod
2841 3741 3093 3797 Alcorani
3132 3742 3217 3797 lex
3264 3756 3374 3798 non

1811 3830 1987 3884 solum
2015 3847 2045 3883 a
2063 3831 2244 3905 divina
2277 3831 2391 3899 lege
2414 3831 2827 3899 elongatur,sed
2848 3846 3025 3899 neque
3044 3845 3168 3885 cum
3194 3832 3373 3900 seipsa

1815 3921 2091 3975 convenit.
2130 3910 2347 3984 Et'hoc,
2376 3920 2631 3988 quoniam
2662 3920 2803 3974 mala
2836 3928 2940 3982 est,
2971 3928 3027 3975 et
3057 3920 3169 3990 ipse
3190 3920 3373 3976 Mallo-

1812 4021 1990 4067 metus
2038 4011 2301 4065 ostendit.
2354 4010 2493 4065 Dicit
2542 4010 2688 4065 enim
2736 4011 2791 4064 in
2848 4013 3087 4081 capitulo
3142 4012 3370 4077 Elnesa,

1812 4100 1955 4171 quod
1993 4102 2381 4171 interpretatur
2417 4102 2657 4155 mulieres
2680 4116 2699 4153 :
2728 4101 2843 4155 Nisi
2892 4116 2923 4155 a
2954 4102 3066 4157 Deo
3097 4111 3241 4158 esset
3266 4103 3373 4159 hoc

1811 4205 2162 4268 Alcoranum,
2200 4206 2385 4258 multae
2421 4202 2473 4256 in
2515 4218 2582 4257 eo
2614 4204 3031 4259 contrarietatcs
3070 4214 3126 4259 et
3154 4188 3371 4259 contra-

1810 4294 2082 4347 dictiones
2116 4294 2517 4368 invenirentur.
2547 4292 2760 4346 Etenim
2786 4300 2900 4361 ipse
2932 4300 2987 4347 in
3018 4294 3369 4352 multislocis

1812 4384 1964 4449 dicit,
2001 4383 2146 4452 quod
2174 4384 2321 4437 Deus
2353 4397 2462 4436 non
2500 4380 2721 4435 deducit
2758 4390 3033 4435 errantem
3058 4400 3073 4436 :
3100 4382 3156 4436 et
3188 4392 3367 4439 tamen

1811 4475 1927 4544 ipse
1968 4474 2025 4527 in
2056 4474 2240 4527 multis
2277 4472 2414 4528 locis
2443 4470 2604 4526 docet
2632 4485 2822 4536 orare,
2856 4481 2917 4526 ut
2961 4472 3305 4528 deducantur
3335 4490 3387 4529 ιε

1813 4565 2048 4640 tenebris
2081 4566 2134 4619 in
2168 4565 2344 4618 lucem
2406 4572 2463 4617 et
2511 4577 2576 4616 ex
2622 4563 2954 4640 rectitudine
2986 4564 3039 4619 in
3082 4566 3369 4621 rectitudi-

1810 4638 1952 4710 nem‘.
1988 4657 2121 4709 Item
2152 4653 2286 4708 dieit
2332 4654 2400 4708 de
2431 4654 2633 4723 seipso,
2667 4654 2813 4723 quod
2842 4638 3020 4708 factus
3044 4664 3128 4709 est
3170 4655 3383 4726 orphar

1810 4764 1909 4803 nus
1934 4734 1988 4802 in
2007 4761 2221 4812 errore;
2243 4744 2543 4799 idololatria
2577 4745 2723 4798 enim
2748 4752 2885 4798 erat.
2905 4742 3011 4799 Sed
3045 4753 3221 4799 tamen
3250 4745 3368 4816 Ipse

1810 4841 1966 4906 dicit,
2007 4839 2150 4908 quod
2182 4837 2343 4891 talem
2369 4850 2494 4890 eum
2523 4835 2849 4905 prophetam
2880 4836 3010 4889 fecit
3036 4834 3199 4900 Deus,
3232 4852 3369 4906 quo-

144 4921 352 4989 λάτρης
399 4919 507 4988 γὰρ
535 4914 631 4988 ἦν.
662 4918 802 4970 ’Δλλ’
844 4920 991 4987 ὅμως
1018 4920 1176 4983 αὐτός
1202 4934 1385 4990 φησιν,
1414 4922 1497 4972 ὅτι
1531 4921 1704 4973 τοιοῦο

1812 4931 1955 4983 niam
2005 4927 2225 4997 quando
2279 4929 2423 4981 Deus
2470 4940 2594 4980 eum
2646 4924 2969 4987 accersivit,
3015 4924 3261 4978 ascendit
3295 4927 3366 4981 ad

132 5028 237 5071 ¹τον
268 5009 431 5062 αὑτὸν
456 5010 740 5080 προφήτην
768 5010 1021 5079 ἐποίησεν
1049 5012 1077 5062 6
1109 5011 1260 5073 Θεὸς,
1294 5012 1372 5063 ὅτι
1401 5014 1489 5063 ὅτε
1527 5013 1553 5062 6
1576 5012 1707 5074 Θεὸς

144 5102 313 5154 αὐτὸν
356 5101 777 5171 μετεκαλέσατο,
817 5101 1045 5169 ἀνῆλθεν
1096 5104 1174 5163 είς
1207 5101 1297 5155 τὸν
1335 5102 1466 5173 Θεὸν
1514 5092 1743 5173 μέχρι(

1812 5020 1978 5075 Deum
2034 5033 2217 5087 usque,
2250 5017 2318 5070 ad
2364 5016 2656 5085 septimum
2689 5015 2889 5069 coelum
2912 5051 2928 5070 .
2973 5020 3029 5067 et
3059 5012 3366 5083 impetravit

1782 5111 2020 5164 veniam
2051 5109 2118 5162 ab
2149 5107 2342 5177 angelo
2366 5105 2627 5174 quodam,
2662 5106 2755 5174 qui
2788 5104 2986 5161 millies
3012 5108 3217 5162 mundo
3251 5122 3389 5162 ma-_

146 5192 378 5260 ἑϐδόμου
415 5192 680 5262 ούρανοῦ.
706 5175 711 5179 ”
742 5192 853 5244 Καὶ
903 5192 1070 5262 ᾔτησε
1123 5190 1451 5261 συγγνώμην
1489 5193 1705 5263 ἀγγέλῳ

1812 5204 1890 5271 ior
1922 5207 2059 5263 erat,
2092 5175 2253 5266 quem
2283 5196 2493 5249 invenit
2513 5196 2607 5249 sui
2632 5186 2805 5264 ipsitts
2834 5207 3055 5264 peccata
3081 5197 3365 5264 deploran-

143 5282 277 5347 τινὶ,
309 5281 545 5349 χιλιάκις
587 5282 793 5351 μείζονι
817 5282 941 5335 δντι·
958 5282 1052 5333 τοῦ
1086 5284 1308 5350 κόσμου,
1334 5282 1392 5334 ὃν
1420 5275 1541 5349 εῦρε
1571 5283 1705 5353 Θρη.

145 5373 344 5427 νοῦντα
374 5372 441 5424 τὰ
487 5374 679 5425 ἑαυτοῦ
711 5374 1100 5443 ἁμαρτήματι
1139 5374 1255 5425 Ἔτι
1307 5370 1471 5440 φησὶν
1510 5374 1701 5435 ἑαυτὸν

146 5463 434 5532 προφήτην
467 5456 603 5525 εἶναι
634 5462 951 5516 καθολικόν⁶
978 5462 1090 5515 ἀλλ’
1127 5463 1273 5529 ὅμως
1312 5464 1441 5529 φησὶ
1473 5464 1531 5514 τὸ
1574 5463 1701 5514 ’Λλ-

148 5552 382 5621 κοράνον
448 5552 751 5621 ’Δραϐικοίς
803 5554 1123 5623 γράμμασιν
1172 5554 1274 5613 ὑπὸ
1323 5552 1416 5603 τοῦ
1454 5548 1589 5604 Θεοῦ
1620 5554 1703 5605 δο-

1813 5302 1939 5345 tem.
1961 5289 2097 5342 ltem
2128 5287 2282 5347 dicit,
2302 5301 2427 5339 eum
2460 5287 2781 5355 prophetam
2812 5301 2930 5339 esse
2961 5284 3359 5338 universalem:

1808 5380 1901 5431 sed
1936 5386 2111 5430 tamen
2144 5374 2278 5427 dicit
2308 5375 2636 5428 Alcoranum
2674 5373 2925 5426 Arabicis
2963 5374 3159 5429 litteris
3187 5389 3217 5427 a
3252 5374 3364 5429 Deo

1808 5468 1993 5520 datum
2024 5480 2165 5528 esse,
2202 5463 2378 5532 nc’que
2416 5464 2575 5516 ullam
2611 5463 2769 5515 aliam
2802 5462 3037 5531 linguam
3074 5479 3199 5518 eum
3223 5463 3363 5518 scim

1807 5566 2002 5626 przeter
2034 5555 2339 5609 Arabicam.

148 5644 310 5711 θῆναι
332 5685 347 5709 ,
406 5641 542 5714 μηδὲ
573 5642 702 5710 μίαν
731 5658 791 5695 τε
838 5646 998 5698 αὑτὸν
1027 5645 1190 5715 ἀλλην
1224 5643 1470 5712 γλῶσσαν
1516 5643 1708 5699 ειδέναι
1748 5648 1885 5716 πλὴν
1909 5648 2005 5713 τῆς
2048 5645 2359 5711 Ἀραϐικης.

224 5765 293 5829 ³³,
307 5758 499 5816 Matth.
532 5773 631 5821 νη,
667 5758 752 5811 Η.

479 5848 748 5908 Panos.
786 5847 900 5911 Gn.
940 5851 1140 5910 CLIV.

2946 5854 3023 5911 δι
