  <div class='ocr_page' id='page_1' title='image "/cluster/home/n/w/nwhite01/storage/ocr_20150623/154/pst.000005714742/628.png"; bbox 0 0 4166 6330; ppageno 0'>
   <div class='ocr_carea' id='block_1_1' title="bbox 72 350 1717 430">
    <p class='ocr_par' dir='ltr' id='par_1_1' title="bbox 72 362 1716 430">
     <span class='ocr_line' id='line_1_1' title="bbox 72 362 1716 430; baseline -0.002 -11"><span class='ocrx_word' id='word_1_1' title='bbox 72 362 237 425; x_wconf 61' lang='grc'><strong>1069</strong></span> <span class='ocrx_word' id='word_1_2' title='bbox 440 428 443 430; x_wconf 46' lang='grc'><strong>,</strong></span> <span class='ocrx_word' id='word_1_3' title='bbox 1287 362 1525 419; x_wconf 68' lang='lat' dir='ltr'><strong>(IQNTR</strong></span> <span class='ocrx_word' id='word_1_4' title='bbox 1542 364 1577 418; x_wconf 70' lang='grc' dir='ltr'><strong>Α</strong></span> <span class='ocrx_word' id='word_1_5' title='bbox 1618 362 1716 417; x_wconf 60' lang='grc' dir='ltr'><strong>ΜΛ</strong></span> 
     </span>
    </p>
   </div>
   <div class='ocr_carea' id='block_1_2' title="bbox 1659 350 3304 430">
    <p class='ocr_par' dir='ltr' id='par_1_2' title="bbox 1659 350 3304 418">
     <span class='ocr_line' id='line_1_2' title="bbox 1659 350 3304 418; baseline -0.004 -1"><span class='ocrx_word' id='word_1_6' title='bbox 1659 358 2116 418; x_wconf 76' lang='lat' dir='ltr'><strong>l.\ll0.\lETE.\l.</strong></span> <span class='ocrx_word' id='word_1_7' title='bbox 3172 350 3304 411; x_wconf 72' lang='lat'><strong>1070</strong></span> 
     </span>
    </p>
   </div>
   <div class='ocr_carea' id='block_1_3' title="bbox 72 459 1717 543">
    <p class='ocr_par' dir='ltr' id='par_1_3' title="bbox 72 468 1717 543">
     <span class='ocr_line' id='line_1_3' title="bbox 72 468 1717 543; baseline 0.004 -23"><span class='ocrx_word' id='word_1_8' title='bbox 72 468 430 538; x_wconf 59' lang='grc' dir='ltr'>Ἀραῴῃδιά</span> <span class='ocrx_word' id='word_1_9' title='bbox 457 473 517 523; x_wconf 73' lang='grc' dir='ltr'><strong>τὸ</strong></span> <span class='ocrx_word' id='word_1_10' title='bbox 551 473 624 543; x_wconf 78' lang='grc' dir='ltr'>μὴ</span> <span class='ocrx_word' id='word_1_11' title='bbox 650 473 792 542; x_wconf 76' lang='grc' dir='ltr'>ἔχειν</span> <span class='ocrx_word' id='word_1_12' title='bbox 816 472 1008 534; x_wconf 68' lang='grc' dir='ltr'>αὐτοὺς</span> <span class='ocrx_word' id='word_1_13' title='bbox 1038 473 1330 524; x_wconf 69' lang='grc' dir='ltr'>άπύςτολνὶν</span> <span class='ocrx_word' id='word_1_14' title='bbox 1358 489 1473 523; x_wconf 77' lang='grc' dir='ltr'>τινα</span> <span class='ocrx_word' id='word_1_15' title='bbox 1505 470 1654 538; x_wconf 66' lang='grc' dir='ltr'>παρὰ</span> <span class='ocrx_word' id='word_1_16' title='bbox 1686 476 1717 526; x_wconf 85' lang='lat' dir='ltr'><strong>ll</strong></span> 
     </span>
    </p>
   </div>
   <div class='ocr_carea' id='block_1_4' title="bbox 1657 459 3302 543">
    <p class='ocr_par' dir='ltr' id='par_1_4' title="bbox 1686 459 3302 535">
     <span class='ocr_line' id='line_1_4' title="bbox 1686 459 3302 535; baseline -0.002 -19"><span class='ocrx_word' id='word_1_17' title='bbox 1686 476 1726 526; x_wconf 75' lang='grc' dir='ltr'>Λ</span> <span class='ocrx_word' id='word_1_18' title='bbox 1760 483 1856 535; x_wconf 79' lang='lat' dir='ltr'><strong>gua</strong></span> <span class='ocrx_word' id='word_1_19' title='bbox 1890 468 2115 519; x_wconf 74' lang='lat' dir='ltr'><strong>Arabica</strong></span> <span class='ocrx_word' id='word_1_20' title='bbox 2152 464 2336 517; x_wconf 86' lang='lat' dir='ltr'><strong>datum</strong></span> <span class='ocrx_word' id='word_1_21' title='bbox 2374 478 2518 522; x_wconf 86' lang='lat' dir='ltr'><strong>esse.</strong></span> <span class='ocrx_word' id='word_1_22' title='bbox 2557 461 2796 530; x_wconf 88' lang='lat' dir='ltr'><strong>dicitque</strong></span> <span class='ocrx_word' id='word_1_23' title='bbox 2828 468 2881 512; x_wconf 80' lang='lat' dir='ltr'><strong>et</strong></span> <span class='ocrx_word' id='word_1_24' title='bbox 2937 459 3172 528; x_wconf 75' lang='lat' dir='ltr'><strong>seipsqu</strong></span> <span class='ocrx_word' id='word_1_25' title='bbox 3207 475 3302 513; x_wconf 87' lang='lat' dir='ltr'><strong>ne-</strong></span> 
     </span>
    </p>
   </div>
   <div class='ocr_carea' id='block_1_5' title="bbox 70 552 1715 630">
    <p class='ocr_par' dir='ltr' id='par_1_5' title="bbox 70 560 1653 630">
     <span class='ocr_line' id='line_1_5' title="bbox 70 560 1653 630; baseline 0.001 -21"><span class='ocrx_word' id='word_1_26' title='bbox 70 561 185 613; x_wconf 78' lang='grc' dir='ltr'>τοῦ</span> <span class='ocrx_word' id='word_1_27' title='bbox 248 560 410 615; x_wconf 88' lang='grc' dir='ltr'>Θεοῦ.</span> <span class='ocrx_word' id='word_1_28' title='bbox 449 563 588 630; x_wconf 72' lang='grc' dir='ltr'>Φησὶ</span> <span class='ocrx_word' id='word_1_29' title='bbox 618 563 672 614; x_wconf 84' lang='grc' dir='ltr'>δὲ</span> <span class='ocrx_word' id='word_1_30' title='bbox 707 564 800 615; x_wconf 69' lang='grc' dir='ltr'><strong>καὶ</strong></span> <span class='ocrx_word' id='word_1_31' title='bbox 848 564 907 614; x_wconf 83' lang='grc' dir='ltr'><strong>τὸ</strong></span> <span class='ocrx_word' id='word_1_32' title='bbox 964 560 1283 629; x_wconf 79' lang='grc' dir='ltr'>’Λλκοράνον</span> <span class='ocrx_word' id='word_1_33' title='bbox 1320 562 1376 611; x_wconf 81' lang='grc' dir='ltr'>ἐν</span> <span class='ocrx_word' id='word_1_34' title='bbox 1411 562 1545 630; x_wconf 55' lang='grc' dir='ltr'>μόνῃ</span> <span class='ocrx_word' id='word_1_35' title='bbox 1590 562 1653 629; x_wconf 77' lang='grc' dir='ltr'>τῇ</span> 
     </span>
    </p>
   </div>
   <div class='ocr_carea' id='block_1_6' title="bbox 1660 552 3305 630">
    <p class='ocr_par' dir='ltr' id='par_1_6' title="bbox 1758 552 3305 624">
     <span class='ocr_line' id='line_1_6' title="bbox 1758 552 3305 624; baseline -0.002 -16"><span class='ocrx_word' id='word_1_36' title='bbox 1758 559 1893 610; x_wconf 71' lang='lat' dir='ltr'><strong>scire</strong></span> <span class='ocrx_word' id='word_1_37' title='bbox 1925 558 2081 609; x_wconf 88' lang='lat' dir='ltr'><strong>aliam</strong></span> <span class='ocrx_word' id='word_1_38' title='bbox 2116 555 2351 623; x_wconf 80' lang='lat' dir='ltr'><strong>linguam</strong></span> <span class='ocrx_word' id='word_1_39' title='bbox 2399 563 2591 624; x_wconf 68' lang='lat' dir='ltr'><strong>praeter</strong></span> <span class='ocrx_word' id='word_1_40' title='bbox 2624 553 2929 606; x_wconf 78' lang='lat' dir='ltr'><strong>Arabicam.</strong></span> <span class='ocrx_word' id='word_1_41' title='bbox 2980 552 3133 606; x_wconf 83' lang='lat' dir='ltr'><strong>Unde</strong></span> <span class='ocrx_word' id='word_1_42' title='bbox 3184 568 3305 606; x_wconf 90' lang='lat' dir='ltr'><strong>cum</strong></span> 
     </span>
    </p>
   </div>
   <div class='ocr_carea' id='block_1_7' title="bbox 83 642 1728 724">
    <p class='ocr_par' dir='ltr' id='par_1_7' title="bbox 83 651 1656 724">
     <span class='ocr_line' id='line_1_7' title="bbox 83 651 1656 724; baseline -0.002 -19"><span class='ocrx_word' id='word_1_43' title='bbox 83 654 379 724; x_wconf 73' lang='grc' dir='ltr'>Ἀραϐικῇ</span> <span class='ocrx_word' id='word_1_44' title='bbox 408 655 621 724; x_wconf 86' lang='grc' dir='ltr'>γλώσσῃ</span> <span class='ocrx_word' id='word_1_45' title='bbox 652 655 925 708; x_wconf 74' lang='grc' dir='ltr'>δεδόσθαι·</span> <span class='ocrx_word' id='word_1_46' title='bbox 951 661 1079 723; x_wconf 68' lang='grc' dir='ltr'>φησί</span> <span class='ocrx_word' id='word_1_47' title='bbox 1112 656 1165 705; x_wconf 82' lang='grc' dir='ltr'>δὲ</span> <span class='ocrx_word' id='word_1_48' title='bbox 1224 655 1319 719; x_wconf 66' lang='grc' dir='ltr'><strong>καὶ</strong></span> <span class='ocrx_word' id='word_1_49' title='bbox 1371 654 1554 705; x_wconf 69' lang='grc' dir='ltr'>ἑαυτὸν</span> <span class='ocrx_word' id='word_1_50' title='bbox 1583 651 1656 719; x_wconf 83' lang='grc' dir='ltr'>μὴ</span> 
     </span>
    </p>
   </div>
   <div class='ocr_carea' id='block_1_8' title="bbox 1663 642 3308 724">
    <p class='ocr_par' dir='ltr' id='par_1_8' title="bbox 1758 642 3308 712">
     <span class='ocr_line' id='line_1_8' title="bbox 1758 642 3308 712; baseline -0.005 -11"><span class='ocrx_word' id='word_1_51' title='bbox 1758 649 2076 701; x_wconf 71' lang='grc' dir='ltr'>ιιιιιιτιιείςδρῑ</span> <span class='ocrx_word' id='word_1_52' title='bbox 2102 646 2407 700; x_wconf 74' lang='lat' dir='ltr'><strong>.‘lahometo</strong></span> <span class='ocrx_word' id='word_1_53' title='bbox 2450 646 2668 712; x_wconf 87' lang='lat' dir='ltr'><strong>quidam</strong></span> <span class='ocrx_word' id='word_1_54' title='bbox 2713 644 2953 699; x_wconf 85' lang='lat' dir='ltr'><strong>Jacobita</strong></span> <span class='ocrx_word' id='word_1_55' title='bbox 2987 642 3219 712; x_wconf 73' lang='lat' dir='ltr'><strong>Mapyra,</strong></span> <span class='ocrx_word' id='word_1_56' title='bbox 3252 651 3308 697; x_wconf 88' lang='lat' dir='ltr'><strong>et</strong></span> 
     </span>
    </p>
   </div>
   <div class='ocr_carea' id='block_1_9' title="bbox 75 726 1720 814">
    <p class='ocr_par' dir='ltr' id='par_1_9' title="bbox 75 726 1656 814">
     <span class='ocr_line' id='line_1_9' title="bbox 75 726 1656 814; baseline -0.002 -21"><span class='ocrx_word' id='word_1_57' title='bbox 75 744 304 797; x_wconf 74' lang='grc' dir='ltr'>εἰδέναι</span> <span class='ocrx_word' id='word_1_58' title='bbox 336 746 500 814; x_wconf 81' lang='grc' dir='ltr'>ἀλλην</span> <span class='ocrx_word' id='word_1_59' title='bbox 525 746 799 799; x_wconf 77' lang='grc' dir='ltr'>διάλεκτον</span> <span class='ocrx_word' id='word_1_60' title='bbox 834 746 971 813; x_wconf 82' lang='grc' dir='ltr'>πλὴν</span> <span class='ocrx_word' id='word_1_61' title='bbox 999 745 1095 814; x_wconf 85' lang='grc' dir='ltr'><strong>τῆς</strong></span> <span class='ocrx_word' id='word_1_62' title='bbox 1146 726 1461 812; x_wconf 64' lang='grc' dir='ltr'>Ἀραίὶικῆς.</span> <span class='ocrx_word' id='word_1_63' title='bbox 1497 740 1656 791; x_wconf 77' lang='grc' dir='ltr'>Ὅθεν</span> 
     </span>
    </p>
   </div>
   <div class='ocr_carea' id='block_1_10' title="bbox 1660 726 3305 814">
    <p class='ocr_par' dir='ltr' id='par_1_10' title="bbox 1759 734 3305 810">
     <span class='ocr_line' id='line_1_10' title="bbox 1759 734 3305 810; baseline -0.003 -20"><span class='ocrx_word' id='word_1_64' title='bbox 1759 738 1987 791; x_wconf 70' lang='lat' dir='ltr'><strong>Salonius</strong></span> <span class='ocrx_word' id='word_1_65' title='bbox 2017 739 2198 810; x_wconf 56' lang='lat' dir='ltr'><strong>Persa,</strong></span> <span class='ocrx_word' id='word_1_66' title='bbox 2229 746 2282 788; x_wconf 76' lang='lat' dir='ltr'><strong>et</strong></span> <span class='ocrx_word' id='word_1_67' title='bbox 2312 736 2513 789; x_wconf 80' lang='lat' dir='ltr'><strong>Abdala</strong></span> <span class='ocrx_word' id='word_1_68' title='bbox 2542 751 2605 787; x_wconf 75' lang='lat' dir='ltr'><strong>ex</strong></span> <span class='ocrx_word' id='word_1_69' title='bbox 2634 735 2867 796; x_wconf 70' lang='lat' dir='ltr'><strong>Perside,</strong></span> <span class='ocrx_word' id='word_1_70' title='bbox 2903 738 2956 787; x_wconf 74' lang='lat' dir='ltr'><strong>dt</strong></span> <span class='ocrx_word' id='word_1_71' title='bbox 2989 734 3101 802; x_wconf 83' lang='lat' dir='ltr'><strong>ipse</strong></span> <span class='ocrx_word' id='word_1_72' title='bbox 3132 734 3305 786; x_wconf 89' lang='lat' dir='ltr'><strong>Selam</strong></span> 
     </span>
    </p>
   </div>
   <div class='ocr_carea' id='block_1_11' title="bbox 76 823 1721 905">
    <p class='ocr_par' dir='ltr' id='par_1_11' title="bbox 76 832 1655 905">
     <span class='ocr_line' id='line_1_11' title="bbox 76 832 1655 905; baseline -0.001 -20"><span class='ocrx_word' id='word_1_73' title='bbox 76 836 598 904; x_wconf 78' lang='grc' dir='ltr'>πρυσκολληθὲντος</span> <span class='ocrx_word' id='word_1_74' title='bbox 651 838 728 905; x_wconf 80' lang='grc' dir='ltr'>τῷ</span> <span class='ocrx_word' id='word_1_75' title='bbox 790 837 1085 904; x_wconf 78' lang='grc' dir='ltr'>Μάχούμετ</span> <span class='ocrx_word' id='word_1_76' title='bbox 1135 836 1277 894; x_wconf 71' lang='grc' dir='ltr'>τινος</span> <span class='ocrx_word' id='word_1_77' title='bbox 1345 832 1655 887; x_wconf 78' lang='grc' dir='ltr'>Ίακωϐίτου</span> 
     </span>
    </p>
   </div>
   <div class='ocr_carea' id='block_1_12' title="bbox 1662 823 3307 905">
    <p class='ocr_par' dir='ltr' id='par_1_12' title="bbox 1757 823 3307 897">
     <span class='ocr_line' id='line_1_12' title="bbox 1757 823 3307 897; baseline -0.004 -15"><span class='ocrx_word' id='word_1_78' title='bbox 1757 828 1995 891; x_wconf 69' lang='lat' dir='ltr'><strong>.ludreus,</strong></span> <span class='ocrx_word' id='word_1_79' title='bbox 2028 837 2080 881; x_wconf 93' lang='lat' dir='ltr'><strong>et</strong></span> <span class='ocrx_word' id='word_1_80' title='bbox 2114 828 2332 897; x_wconf 87' lang='lat' dir='ltr'><strong>quidam</strong></span> <span class='ocrx_word' id='word_1_81' title='bbox 2362 827 2449 879; x_wconf 78' lang='lat' dir='ltr'><strong>alii</strong></span> <span class='ocrx_word' id='word_1_82' title='bbox 2493 825 2758 887; x_wconf 76' lang='lat' dir='ltr'><strong>dicerent,</strong></span> <span class='ocrx_word' id='word_1_83' title='bbox 2789 823 2933 893; x_wconf 90' lang='lat' dir='ltr'><strong>quod</strong></span> <span class='ocrx_word' id='word_1_84' title='bbox 2966 824 3307 877; x_wconf 70' lang='lat' dir='ltr'><strong>instruebant</strong></span> 
     </span>
    </p>
   </div>
   <div class='ocr_carea' id='block_1_13' title="bbox 78 917 1723 995">
    <p class='ocr_par' dir='ltr' id='par_1_13' title="bbox 78 924 1655 995">
     <span class='ocr_line' id='line_1_13' title="bbox 78 924 1655 995; baseline -0.001 -18"><span class='ocrx_word' id='word_1_85' title='bbox 78 928 379 994; x_wconf 76' lang='grc' dir='ltr'>Μιπαιρᾶ,</span> <span class='ocrx_word' id='word_1_86' title='bbox 424 929 517 979; x_wconf 82' lang='grc' dir='ltr'>καὶ</span> <span class='ocrx_word' id='word_1_87' title='bbox 570 928 815 979; x_wconf 86' lang='grc' dir='ltr'>Σαλώνου</span> <span class='ocrx_word' id='word_1_88' title='bbox 852 929 1081 995; x_wconf 81' lang='grc' dir='ltr'>Πέρσου,</span> <span class='ocrx_word' id='word_1_89' title='bbox 1129 929 1219 978; x_wconf 79' lang='grc' dir='ltr'><strong>καὶ</strong></span> <span class='ocrx_word' id='word_1_90' title='bbox 1284 924 1544 977; x_wconf 77' lang='grc' dir='ltr'>’Λϐδαλλᾶ</span> <span class='ocrx_word' id='word_1_91' title='bbox 1594 926 1655 976; x_wconf 80' lang='grc' dir='ltr'>ἐκ</span> 
     </span>
    </p>
   </div>
   <div class='ocr_carea' id='block_1_14' title="bbox 1661 917 3306 995">
    <p class='ocr_par' dir='ltr' id='par_1_14' title="bbox 1758 917 3306 987">
     <span class='ocr_line' id='line_1_14' title="bbox 1758 917 3306 987; baseline -0.004 -16"><span class='ocrx_word' id='word_1_92' title='bbox 1758 935 1903 979; x_wconf 89' lang='lat' dir='ltr'><strong>eum,</strong></span> <span class='ocrx_word' id='word_1_93' title='bbox 1937 927 1991 971; x_wconf 85' lang='lat' dir='ltr'><strong>ct</strong></span> <span class='ocrx_word' id='word_1_94' title='bbox 2019 919 2136 987; x_wconf 92' lang='lat' dir='ltr'><strong>ipse</strong></span> <span class='ocrx_word' id='word_1_95' title='bbox 2168 918 2436 971; x_wconf 89' lang='lat' dir='ltr'><strong>ceciditin</strong></span> <span class='ocrx_word' id='word_1_96' title='bbox 2470 917 2661 968; x_wconf 80' lang='lat' dir='ltr'><strong>faciem</strong></span> <span class='ocrx_word' id='word_1_97' title='bbox 2698 930 2873 976; x_wconf 90' lang='lat' dir='ltr'><strong>suam,</strong></span> <span class='ocrx_word' id='word_1_98' title='bbox 2919 922 2973 966; x_wconf 92' lang='lat' dir='ltr'><strong>et</strong></span> <span class='ocrx_word' id='word_1_99' title='bbox 3014 922 3306 965; x_wconf 62' lang='lat' dir='ltr'><strong>centractm</strong></span> 
     </span>
    </p>
   </div>
   <div class='ocr_carea' id='block_1_15' title="bbox 74 1004 1719 1083">
    <p class='ocr_par' dir='ltr' id='par_1_15' title="bbox 74 1013 1659 1083">
     <span class='ocr_line' id='line_1_15' title="bbox 74 1013 1659 1083; baseline -0.001 -17"><span class='ocrx_word' id='word_1_100' title='bbox 74 1015 189 1083; x_wconf 83' lang='grc' dir='ltr'>τῆς</span> <span class='ocrx_word' id='word_1_101' title='bbox 246 1016 506 1083; x_wconf 82' lang='grc' dir='ltr'>Περσίδος</span> <span class='ocrx_word' id='word_1_102' title='bbox 556 1016 647 1068; x_wconf 71' lang='grc' dir='ltr'><strong>καὶ</strong></span> <span class='ocrx_word' id='word_1_103' title='bbox 689 1013 873 1077; x_wconf 82' lang='grc' dir='ltr'>αὐτοῦ,</span> <span class='ocrx_word' id='word_1_104' title='bbox 906 1018 995 1066; x_wconf 74' lang='grc' dir='ltr'><strong>καὶ</strong></span> <span class='ocrx_word' id='word_1_105' title='bbox 1035 1015 1212 1081; x_wconf 78' lang='grc' dir='ltr'>Σελὰμ</span> <span class='ocrx_word' id='word_1_106' title='bbox 1254 1013 1527 1076; x_wconf 81' lang='grc' dir='ltr'>Ἰουδαίου,</span> <span class='ocrx_word' id='word_1_107' title='bbox 1566 1013 1659 1065; x_wconf 85' lang='grc' dir='ltr'><strong>καί</strong></span> 
     </span>
    </p>
   </div>
   <div class='ocr_carea' id='block_1_16' title="bbox 1662 1004 3307 1083">
    <p class='ocr_par' dir='ltr' id='par_1_16' title="bbox 1758 1004 3307 1075">
     <span class='ocr_line' id='line_1_16' title="bbox 1758 1004 3307 1075; baseline -0.006 -14"><span class='ocrx_word' id='word_1_108' title='bbox 1758 1016 1885 1061; x_wconf 84' lang='lat' dir='ltr'><strong>sunt</strong></span> <span class='ocrx_word' id='word_1_109' title='bbox 1919 1023 2110 1061; x_wconf 88' lang='lat' dir='ltr'><strong>manus</strong></span> <span class='ocrx_word' id='word_1_110' title='bbox 2145 1008 2259 1075; x_wconf 77' lang='lat' dir='ltr'><strong>ejus</strong></span> <span class='ocrx_word' id='word_1_111' title='bbox 2301 1016 2357 1060; x_wconf 91' lang='lat' dir='ltr'><strong>et</strong></span> <span class='ocrx_word' id='word_1_112' title='bbox 2405 1004 2590 1073; x_wconf 90' lang='lat' dir='ltr'><strong>pedes,</strong></span> <span class='ocrx_word' id='word_1_113' title='bbox 2629 1013 2681 1056; x_wconf 91' lang='lat' dir='ltr'><strong>et</strong></span> <span class='ocrx_word' id='word_1_114' title='bbox 2726 1005 2855 1055; x_wconf 81' lang='lat' dir='ltr'><strong>socii</strong></span> <span class='ocrx_word' id='word_1_115' title='bbox 2908 1009 3307 1071; x_wconf 78' lang='lat' dir='ltr'><strong>cooperuerunt</strong></span> 
     </span>
    </p>
   </div>
   <div class='ocr_carea' id='block_1_17' title="bbox 75 1090 1720 1172">
    <p class='ocr_par' dir='ltr' id='par_1_17' title="bbox 75 1102 1655 1172">
     <span class='ocr_line' id='line_1_17' title="bbox 75 1102 1655 1172; baseline -0.001 -18"><span class='ocrx_word' id='word_1_116' title='bbox 75 1119 265 1156; x_wconf 79' lang='grc' dir='ltr'>τινων</span> <span class='ocrx_word' id='word_1_117' title='bbox 312 1104 578 1172; x_wconf 84' lang='grc' dir='ltr'>λεγόντων</span> <span class='ocrx_word' id='word_1_118' title='bbox 607 1105 680 1167; x_wconf 88' lang='grc' dir='ltr'><strong>ώς</strong></span> <span class='ocrx_word' id='word_1_119' title='bbox 715 1106 807 1157; x_wconf 74' lang='grc' dir='ltr'><strong>ὑπ’</strong></span> <span class='ocrx_word' id='word_1_120' title='bbox 856 1104 1037 1156; x_wconf 82' lang='grc' dir='ltr'>αὐτῶν</span> <span class='ocrx_word' id='word_1_121' title='bbox 1087 1105 1287 1165; x_wconf 71' lang='grc' dir='ltr'>ἐκεῖνος</span> <span class='ocrx_word' id='word_1_122' title='bbox 1336 1102 1655 1165; x_wconf 69' lang='grc' dir='ltr'>διδάσκοιτο,</span> 
     </span>
    </p>
   </div>
   <div class='ocr_carea' id='block_1_18' title="bbox 1659 1090 3304 1172">
    <p class='ocr_par' dir='ltr' id='par_1_18' title="bbox 1758 1090 3304 1154">
     <span class='ocr_line' id='line_1_18' title="bbox 1758 1090 3304 1154; baseline -0.005 -4"><span class='ocrx_word' id='word_1_123' title='bbox 1758 1114 1880 1151; x_wconf 86' lang='lat' dir='ltr'><strong>eum</strong></span> <span class='ocrx_word' id='word_1_124' title='bbox 1915 1099 2160 1151; x_wconf 83' lang='lat' dir='ltr'><strong>vestibus</strong></span> <span class='ocrx_word' id='word_1_125' title='bbox 2188 1098 2318 1151; x_wconf 84' lang='lat' dir='ltr'><strong>suis.</strong></span> <span class='ocrx_word' id='word_1_126' title='bbox 2350 1096 2415 1149; x_wconf 81' lang='lat' dir='ltr'><strong>Et</strong></span> <span class='ocrx_word' id='word_1_127' title='bbox 2446 1096 2657 1147; x_wconf 85' lang='lat' dir='ltr'><strong>tandem</strong></span> <span class='ocrx_word' id='word_1_128' title='bbox 2696 1094 2757 1146; x_wconf 90' lang='lat' dir='ltr'><strong>ad</strong></span> <span class='ocrx_word' id='word_1_129' title='bbox 2789 1108 2845 1146; x_wconf 89' lang='lat' dir='ltr'><strong>se</strong></span> <span class='ocrx_word' id='word_1_130' title='bbox 2872 1092 3106 1154; x_wconf 87' lang='lat' dir='ltr'><strong>rediens,</strong></span> <span class='ocrx_word' id='word_1_131' title='bbox 3137 1090 3304 1143; x_wconf 79' lang='lat' dir='ltr'><strong>dixit:</strong></span> 
     </span>
    </p>
   </div>
   <div class='ocr_carea' id='block_1_19' title="bbox 82 1182 1727 1259">
    <p class='ocr_par' dir='ltr' id='par_1_19' title="bbox 82 1189 1657 1259">
     <span class='ocr_line' id='line_1_19' title="bbox 82 1189 1657 1259; baseline 0.001 -20"><span class='ocrx_word' id='word_1_132' title='bbox 82 1189 265 1251; x_wconf 73' lang='grc' dir='ltr'>αὐτὸς</span> <span class='ocrx_word' id='word_1_133' title='bbox 303 1193 481 1242; x_wconf 83' lang='grc' dir='ltr'>πεσὼν</span> <span class='ocrx_word' id='word_1_134' title='bbox 520 1192 611 1243; x_wconf 63' lang='grc' dir='ltr'>ἐπὶ</span> <span class='ocrx_word' id='word_1_135' title='bbox 645 1193 955 1259; x_wconf 78' lang='grc' dir='ltr'>πρόσωπον,</span> <span class='ocrx_word' id='word_1_136' title='bbox 998 1190 1459 1243; x_wconf 78' lang='grc' dir='ltr'>συνελκυσθεισῶν</span> <span class='ocrx_word' id='word_1_137' title='bbox 1494 1189 1657 1241; x_wconf 73' lang='grc' dir='ltr'>αὐτοῦ</span> 
     </span>
    </p>
   </div>
   <div class='ocr_carea' id='block_1_20' title="bbox 1663 1182 3308 1259">
    <p class='ocr_par' dir='ltr' id='par_1_20' title="bbox 1762 1182 3308 1253">
     <span class='ocr_line' id='line_1_20' title="bbox 1762 1182 3308 1253; baseline -0.004 -15"><span class='ocrx_word' id='word_1_138' title='bbox 1762 1187 1903 1241; x_wconf 82' lang='lat' dir='ltr'><strong>Deus</strong></span> <span class='ocrx_word' id='word_1_139' title='bbox 1949 1187 2093 1239; x_wconf 88' lang='lat' dir='ltr'><strong>misit</strong></span> <span class='ocrx_word' id='word_1_140' title='bbox 2147 1202 2229 1240; x_wconf 93' lang='lat' dir='ltr'><strong>me</strong></span> <span class='ocrx_word' id='word_1_141' title='bbox 2266 1186 2330 1238; x_wconf 88' lang='lat' dir='ltr'><strong>ad</strong></span> <span class='ocrx_word' id='word_1_142' title='bbox 2384 1185 2789 1253; x_wconf 72' lang='lat' dir='ltr'><strong>corripit-udum</strong></span> <span class='ocrx_word' id='word_1_143' title='bbox 2820 1198 2917 1236; x_wconf 80' lang='lat' dir='ltr'><strong>vos</strong></span> <span class='ocrx_word' id='word_1_144' title='bbox 2948 1182 3013 1236; x_wconf 91' lang='lat' dir='ltr'><strong>de</strong></span> <span class='ocrx_word' id='word_1_145' title='bbox 3057 1196 3308 1236; x_wconf 84' lang='lat' dir='ltr'><strong>sermone</strong></span> 
     </span>
    </p>
   </div>
   <div class='ocr_carea' id='block_1_21' title="bbox 79 1272 1724 1349">
    <p class='ocr_par' dir='ltr' id='par_1_21' title="bbox 79 1278 1659 1349">
     <span class='ocr_line' id='line_1_21' title="bbox 79 1278 1659 1349; baseline 0.002 -20"><span class='ocrx_word' id='word_1_146' title='bbox 79 1278 203 1331; x_wconf 82' lang='grc' dir='ltr'><strong>τῶν</strong></span> <span class='ocrx_word' id='word_1_147' title='bbox 256 1281 456 1349; x_wconf 83' lang='grc' dir='ltr'>χειρῶν</span> <span class='ocrx_word' id='word_1_148' title='bbox 496 1282 587 1335; x_wconf 70' lang='grc' dir='ltr'>καὶ</span> <span class='ocrx_word' id='word_1_149' title='bbox 613 1281 722 1335; x_wconf 91' lang='grc' dir='ltr'><strong>τῶν</strong></span> <span class='ocrx_word' id='word_1_150' title='bbox 755 1283 950 1345; x_wconf 75' lang='grc' dir='ltr'>ποδῶν,</span> <span class='ocrx_word' id='word_1_151' title='bbox 984 1281 1206 1333; x_wconf 79' lang='grc' dir='ltr'>καὶτῶν</span> <span class='ocrx_word' id='word_1_152' title='bbox 1236 1280 1465 1348; x_wconf 73' lang='grc' dir='ltr'>ἑταίρων</span> <span class='ocrx_word' id='word_1_153' title='bbox 1494 1280 1659 1333; x_wconf 75' lang='grc' dir='ltr'>αὐτοῦ</span> 
     </span>
    </p>
   </div>
   <div class='ocr_carea' id='block_1_22' title="bbox 1664 1272 3309 1349">
    <p class='ocr_par' dir='ltr' id='par_1_22' title="bbox 1759 1272 3309 1346">
     <span class='ocr_line' id='line_1_22' title="bbox 1759 1272 3309 1346; baseline -0.003 -17"><span class='ocrx_word' id='word_1_154' title='bbox 1759 1292 1921 1346; x_wconf 85' lang='lat' dir='ltr'><strong>quem</strong></span> <span class='ocrx_word' id='word_1_155' title='bbox 1951 1277 2183 1337; x_wconf 75' lang='lat' dir='ltr'><strong>dixistis,</strong></span> <span class='ocrx_word' id='word_1_156' title='bbox 2216 1275 2357 1344; x_wconf 90' lang='lat' dir='ltr'><strong>quod</strong></span> <span class='ocrx_word' id='word_1_157' title='bbox 2389 1275 2521 1328; x_wconf 88' lang='lat' dir='ltr'><strong>tales</strong></span> <span class='ocrx_word' id='word_1_158' title='bbox 2549 1290 2633 1327; x_wconf 91' lang='lat' dir='ltr'><strong>me</strong></span> <span class='ocrx_word' id='word_1_159' title='bbox 2668 1275 2917 1327; x_wconf 89' lang='lat' dir='ltr'><strong>doceant.</strong></span> <span class='ocrx_word' id='word_1_160' title='bbox 2945 1272 3205 1341; x_wconf 87' lang='lat' dir='ltr'><strong>Legitque</strong></span> <span class='ocrx_word' id='word_1_161' title='bbox 3231 1272 3309 1325; x_wconf 92' lang='lat' dir='ltr'><strong>eis</strong></span> 
     </span>
    </p>
   </div>
   <div class='ocr_carea' id='block_1_23' title="bbox 82 1360 1727 1441">
    <p class='ocr_par' dir='ltr' id='par_1_23' title="bbox 82 1360 1659 1441">
     <span class='ocr_line' id='line_1_23' title="bbox 82 1360 1659 1441; baseline 0.003 -21"><span class='ocrx_word' id='word_1_162' title='bbox 82 1360 465 1438; x_wconf 57' lang='grc' dir='ltr'>καλυψάιῆων</span> <span class='ocrx_word' id='word_1_163' title='bbox 497 1373 657 1426; x_wconf 76' lang='grc' dir='ltr'>αὐτὸν</span> <span class='ocrx_word' id='word_1_164' title='bbox 690 1376 802 1435; x_wconf 75' lang='grc' dir='ltr'>τοϊς</span> <span class='ocrx_word' id='word_1_165' title='bbox 834 1374 1063 1441; x_wconf 77' lang='grc' dir='ltr'><strong>ἱματίοις</strong></span> <span class='ocrx_word' id='word_1_166' title='bbox 1091 1373 1289 1437; x_wconf 77' lang='grc' dir='ltr'>αὐτῶν,</span> <span class='ocrx_word' id='word_1_167' title='bbox 1319 1375 1448 1441; x_wconf 69' lang='grc' dir='ltr'>πρὸς</span> <span class='ocrx_word' id='word_1_168' title='bbox 1473 1373 1659 1425; x_wconf 66' lang='grc' dir='ltr'>ἑαυτὸν</span> 
     </span>
    </p>
   </div>
   <div class='ocr_carea' id='block_1_24' title="bbox 1664 1360 3309 1441">
    <p class='ocr_par' dir='ltr' id='par_1_24' title="bbox 1762 1362 3309 1435">
     <span class='ocr_line' id='line_1_24' title="bbox 1762 1362 3309 1435; baseline -0.006 -14"><span class='ocrx_word' id='word_1_169' title='bbox 1762 1384 1921 1421; x_wconf 89' lang='lat' dir='ltr'><strong>unam</strong></span> <span class='ocrx_word' id='word_1_170' title='bbox 1947 1366 2296 1431; x_wconf 76' lang='lat' dir='ltr'><strong>sententiam,</strong></span> <span class='ocrx_word' id='word_1_171' title='bbox 2329 1380 2446 1435; x_wconf 73' lang='lat' dir='ltr'><strong>quae</strong></span> <span class='ocrx_word' id='word_1_172' title='bbox 2480 1374 2562 1418; x_wconf 86' lang='lat' dir='ltr'><strong>est</strong></span> <span class='ocrx_word' id='word_1_173' title='bbox 2591 1364 2645 1417; x_wconf 88' lang='lat' dir='ltr'><strong>in</strong></span> <span class='ocrx_word' id='word_1_174' title='bbox 2680 1364 2781 1417; x_wconf 82' lang='lat' dir='ltr'><strong>line</strong></span> <span class='ocrx_word' id='word_1_175' title='bbox 2812 1363 3061 1416; x_wconf 90' lang='lat' dir='ltr'><strong>lectionis</strong></span> <span class='ocrx_word' id='word_1_176' title='bbox 3104 1362 3309 1425; x_wconf 81' lang='lat' dir='ltr'><strong>Elnael,</strong></span> 
     </span>
    </p>
   </div>
   <div class='ocr_carea' id='block_1_25' title="bbox 86 1452 1731 1529">
    <p class='ocr_par' dir='ltr' id='par_1_25' title="bbox 86 1458 1660 1529">
     <span class='ocr_line' id='line_1_25' title="bbox 86 1458 1660 1529; baseline 0.003 -19"><span class='ocrx_word' id='word_1_177' title='bbox 86 1461 461 1529; x_wconf 72' lang='grc' dir='ltr'>ἐπιστραφεὶς</span> <span class='ocrx_word' id='word_1_178' title='bbox 480 1458 632 1514; x_wconf 70' lang='grc' dir='ltr'>εἶπεν</span> <span class='ocrx_word' id='word_1_179' title='bbox 650 1479 664 1491; x_wconf 87' lang='grc'><strong>·</strong></span> <span class='ocrx_word' id='word_1_180' title='bbox 699 1459 757 1514; x_wconf 86' lang='lat'><strong>&#39;0</strong></span> <span class='ocrx_word' id='word_1_181' title='bbox 776 1462 904 1523; x_wconf 79' lang='grc' dir='ltr'>Θεὸς</span> <span class='ocrx_word' id='word_1_182' title='bbox 925 1462 1263 1514; x_wconf 83' lang='grc' dir='ltr'>ἀπέσταλκεν</span> <span class='ocrx_word' id='word_1_183' title='bbox 1283 1463 1494 1529; x_wconf 70' lang='grc' dir='ltr'>ἐλέγξαι</span> <span class='ocrx_word' id='word_1_184' title='bbox 1519 1463 1660 1529; x_wconf 79' lang='grc' dir='ltr'>ὑμᾶς</span> 
     </span>
    </p>
   </div>
   <div class='ocr_carea' id='block_1_26' title="bbox 1666 1452 3311 1529">
    <p class='ocr_par' dir='ltr' id='par_1_26' title="bbox 1760 1452 3311 1527">
     <span class='ocr_line' id='line_1_26' title="bbox 1760 1452 3311 1527; baseline -0.004 -16"><span class='ocrx_word' id='word_1_185' title='bbox 1760 1460 1904 1527; x_wconf 89' lang='lat' dir='ltr'><strong>quod</strong></span> <span class='ocrx_word' id='word_1_186' title='bbox 1944 1458 2334 1526; x_wconf 84' lang='lat' dir='ltr'><strong>interpretatur</strong></span> <span class='ocrx_word' id='word_1_187' title='bbox 2372 1456 2573 1523; x_wconf 87' lang='lat' dir='ltr'><strong>palma,</strong></span> <span class='ocrx_word' id='word_1_188' title='bbox 2625 1470 2743 1523; x_wconf 78' lang='lat' dir='ltr'><strong>quae</strong></span> <span class='ocrx_word' id='word_1_189' title='bbox 2776 1453 2853 1508; x_wconf 91' lang='lat' dir='ltr'><strong>sic</strong></span> <span class='ocrx_word' id='word_1_190' title='bbox 2879 1452 3051 1506; x_wconf 89' lang='lat' dir='ltr'><strong>dicit:</strong></span> <span class='ocrx_word' id='word_1_191' title='bbox 3097 1452 3311 1506; x_wconf 77' lang='lat' dir='ltr'><strong>Scimus</strong></span> 
     </span>
    </p>
   </div>
   <div class='ocr_carea' id='block_1_27' title="bbox 87 1544 1662 1621">
    <p class='ocr_par' dir='ltr' id='par_1_27' title="bbox 87 1544 1662 1621">
     <span class='ocr_line' id='line_1_27' title="bbox 87 1544 1662 1621; baseline 0.003 -20"><span class='ocrx_word' id='word_1_192' title='bbox 87 1550 238 1618; x_wconf 71' lang='grc' dir='ltr'>περὶ</span> <span class='ocrx_word' id='word_1_193' title='bbox 267 1550 365 1601; x_wconf 88' lang='grc' dir='ltr'><strong>τοῦ</strong></span> <span class='ocrx_word' id='word_1_194' title='bbox 395 1550 575 1617; x_wconf 83' lang='grc' dir='ltr'>λόγου,</span> <span class='ocrx_word' id='word_1_195' title='bbox 614 1544 674 1603; x_wconf 77' lang='grc' dir='ltr'>οὗ</span> <span class='ocrx_word' id='word_1_196' title='bbox 706 1552 987 1619; x_wconf 79' lang='grc' dir='ltr'>εἰρήκατε,</span> <span class='ocrx_word' id='word_1_197' title='bbox 1022 1551 1094 1613; x_wconf 89' lang='grc' dir='ltr'><strong>ώς</strong></span> <span class='ocrx_word' id='word_1_198' title='bbox 1135 1554 1230 1621; x_wconf 81' lang='grc' dir='ltr'>ἐμὲ</span> <span class='ocrx_word' id='word_1_199' title='bbox 1261 1552 1486 1604; x_wconf 76' lang='grc' dir='ltr'>τοιοῦτοι</span> <span class='ocrx_word' id='word_1_200' title='bbox 1518 1553 1662 1606; x_wconf 73' lang='grc' dir='ltr'>διδά-</span> 
     </span>
    </p>
   </div>
   <div class='ocr_carea' id='block_1_28' title="bbox 86 1641 1660 1713">
    <p class='ocr_par' dir='ltr' id='par_1_28' title="bbox 86 1641 1660 1713">
     <span class='ocr_line' id='line_1_28' title="bbox 86 1641 1660 1713; baseline 0.001 -20"><span class='ocrx_word' id='word_1_201' title='bbox 86 1658 310 1694; x_wconf 75' lang='grc' dir='ltr'>σκοιεν.</span> <span class='ocrx_word' id='word_1_202' title='bbox 349 1642 580 1708; x_wconf 81' lang='grc' dir='ltr'>’Λνέγνω</span> <span class='ocrx_word' id='word_1_203' title='bbox 605 1658 664 1692; x_wconf 88' lang='grc' dir='ltr'><strong>τε</strong></span> <span class='ocrx_word' id='word_1_204' title='bbox 698 1642 880 1704; x_wconf 71' lang='grc' dir='ltr'>αὐτοῖς</span> <span class='ocrx_word' id='word_1_205' title='bbox 912 1641 969 1693; x_wconf 82' lang='grc' dir='ltr'>ἓν</span> <span class='ocrx_word' id='word_1_206' title='bbox 1003 1643 1279 1711; x_wconf 62' lang='grc' dir='ltr'>ψήφισμα,</span> <span class='ocrx_word' id='word_1_207' title='bbox 1328 1645 1461 1713; x_wconf 78' lang='grc' dir='ltr'>ὅπερ</span> <span class='ocrx_word' id='word_1_208' title='bbox 1514 1646 1660 1695; x_wconf 76' lang='grc' dir='ltr'>ἐστὶν</span> 
     </span>
    </p>
   </div>
   <div class='ocr_carea' id='block_1_29' title="bbox 84 1728 1656 1803">
    <p class='ocr_par' dir='ltr' id='par_1_29' title="bbox 84 1728 1656 1803">
     <span class='ocr_line' id='line_1_29' title="bbox 84 1728 1656 1803; baseline 0.002 -20"><span class='ocrx_word' id='word_1_209' title='bbox 84 1734 149 1783; x_wconf 68' lang='grc' dir='ltr'>ἐν</span> <span class='ocrx_word' id='word_1_210' title='bbox 188 1731 273 1800; x_wconf 85' lang='grc' dir='ltr'>τῷ</span> <span class='ocrx_word' id='word_1_211' title='bbox 299 1732 445 1785; x_wconf 83' lang='grc' dir='ltr'>τέλει</span> <span class='ocrx_word' id='word_1_212' title='bbox 474 1731 568 1784; x_wconf 87' lang='grc' dir='ltr'><strong>τοῦ</strong></span> <span class='ocrx_word' id='word_1_213' title='bbox 610 1728 1036 1800; x_wconf 81' lang='grc' dir='ltr'>ἀναγνώσματος</span> <span class='ocrx_word' id='word_1_214' title='bbox 1067 1738 1159 1786; x_wconf 83' lang='grc' dir='ltr'><strong>τοῦ</strong></span> <span class='ocrx_word' id='word_1_215' title='bbox 1201 1734 1437 1798; x_wconf 81' lang='grc' dir='ltr'>Ἐλναὲλ,</span> <span class='ocrx_word' id='word_1_216' title='bbox 1490 1736 1517 1788; x_wconf 84' lang='grc' dir='ltr'><strong>ὃ</strong></span> <span class='ocrx_word' id='word_1_217' title='bbox 1565 1737 1656 1803; x_wconf 76' lang='grc' dir='ltr'>ὲρο</span> 
     </span>
    </p>
   </div>
   <div class='ocr_carea' id='block_1_30' title="bbox 90 1823 1659 1895">
    <p class='ocr_par' dir='ltr' id='par_1_30' title="bbox 90 1823 1659 1895">
     <span class='ocr_line' id='line_1_30' title="bbox 90 1823 1659 1895; baseline 0.001 -20"><span class='ocrx_word' id='word_1_218' title='bbox 90 1823 404 1891; x_wconf 80' lang='grc' dir='ltr'>μηνεύεται</span> <span class='ocrx_word' id='word_1_219' title='bbox 434 1824 656 1892; x_wconf 65' lang='grc' dir='ltr'>φοίνιξ,</span> <span class='ocrx_word' id='word_1_220' title='bbox 682 1824 823 1877; x_wconf 73' lang='grc' dir='ltr'>οὕτω</span> <span class='ocrx_word' id='word_1_221' title='bbox 845 1824 1021 1892; x_wconf 82' lang='grc' dir='ltr'>λέγων</span> <span class='ocrx_word' id='word_1_222' title='bbox 1043 1840 1057 1854; x_wconf 87' lang='grc'><strong>·</strong></span> <span class='ocrx_word' id='word_1_223' title='bbox 1110 1826 1298 1893; x_wconf 86' lang='grc' dir='ltr'>Ἴσμεν</span> <span class='ocrx_word' id='word_1_224' title='bbox 1328 1827 1410 1878; x_wconf 77' lang='grc' dir='ltr'><strong>ὅτι</strong></span> <span class='ocrx_word' id='word_1_225' title='bbox 1443 1826 1659 1895; x_wconf 78' lang='grc' dir='ltr'>ἐροῦσιν</span> 
     </span>
    </p>
   </div>
   <div class='ocr_carea' id='block_1_31' title="bbox 86 1915 1661 1987">
    <p class='ocr_par' dir='ltr' id='par_1_31' title="bbox 86 1915 1661 1987">
     <span class='ocr_line' id='line_1_31' title="bbox 86 1915 1661 1987; baseline 0.003 -22"><span class='ocrx_word' id='word_1_226' title='bbox 86 1915 278 1979; x_wconf 69' lang='grc' dir='ltr'>αὐτοὶ,</span> <span class='ocrx_word' id='word_1_227' title='bbox 311 1916 391 1967; x_wconf 84' lang='grc' dir='ltr'><strong>ὅτι</strong></span> <span class='ocrx_word' id='word_1_228' title='bbox 420 1916 703 1985; x_wconf 78' lang='grc' dir='ltr'>ἅνθρωπος</span> <span class='ocrx_word' id='word_1_229' title='bbox 751 1916 990 1987; x_wconf 78' lang='grc' dir='ltr'><strong>διδάσκει</strong></span> <span class='ocrx_word' id='word_1_230' title='bbox 1042 1918 1237 1969; x_wconf 79' lang='grc' dir='ltr'>αὐτόν·</span> <span class='ocrx_word' id='word_1_231' title='bbox 1273 1918 1305 1987; x_wconf 81' lang='grc' dir='ltr'><strong>ἡ</strong></span> <span class='ocrx_word' id='word_1_232' title='bbox 1347 1918 1401 1970; x_wconf 82' lang='grc' dir='ltr'>δὲ</span> <span class='ocrx_word' id='word_1_233' title='bbox 1440 1918 1661 1983; x_wconf 87' lang='grc' dir='ltr'>γλῶσσα</span> 
     </span>
    </p>
   </div>
   <div class='ocr_carea' id='block_1_32' title="bbox 91 2000 1663 2078">
    <p class='ocr_par' dir='ltr' id='par_1_32' title="bbox 91 2000 1663 2078">
     <span class='ocr_line' id='line_1_32' title="bbox 91 2000 1663 2078; baseline 0.004 -22"><span class='ocrx_word' id='word_1_234' title='bbox 91 2000 123 2075; x_wconf 77' lang='grc' dir='ltr'>ᾖ</span> <span class='ocrx_word' id='word_1_235' title='bbox 156 2006 316 2074; x_wconf 82' lang='grc' dir='ltr'><strong>αὖτῷ</strong></span> <span class='ocrx_word' id='word_1_236' title='bbox 331 2000 699 2073; x_wconf 60' lang='grc' dir='ltr'>διαλέγονται,</span> <span class='ocrx_word' id='word_1_237' title='bbox 726 2007 841 2058; x_wconf 79' lang='grc' dir='ltr'>ἐστι.</span> <span class='ocrx_word' id='word_1_238' title='bbox 874 2008 1119 2076; x_wconf 87' lang='grc' dir='ltr'>Περσική</span> <span class='ocrx_word' id='word_1_239' title='bbox 1139 2022 1151 2035; x_wconf 89' lang='grc'><strong>·</strong></span> <span class='ocrx_word' id='word_1_240' title='bbox 1181 2006 1320 2075; x_wconf 74' lang='grc' dir='ltr'>αὕτη</span> <span class='ocrx_word' id='word_1_241' title='bbox 1347 2008 1457 2077; x_wconf 78' lang='grc' dir='ltr'>δὲή</span> <span class='ocrx_word' id='word_1_242' title='bbox 1504 2008 1663 2078; x_wconf 82' lang='grc' dir='ltr'>Ἀρα-</span> 
     </span>
    </p>
   </div>
   <div class='ocr_carea' id='block_1_33' title="bbox 90 2091 1663 2161">
    <p class='ocr_par' dir='ltr' id='par_1_33' title="bbox 90 2091 1663 2161">
     <span class='ocr_line' id='line_1_33' title="bbox 90 2091 1663 2161; baseline 0.004 -21"><span class='ocrx_word' id='word_1_243' title='bbox 90 2091 235 2159; x_wconf 77' lang='grc' dir='ltr'>ϐικὴ</span> <span class='ocrx_word' id='word_1_244' title='bbox 265 2091 425 2160; x_wconf 77' lang='grc' dir='ltr'>ῥᾳδία</span> <span class='ocrx_word' id='word_1_245' title='bbox 479 2093 612 2145; x_wconf 72' lang='grc' dir='ltr'>ἔστί.</span> <span class='ocrx_word' id='word_1_246' title='bbox 669 2094 791 2144; x_wconf 80' lang='grc' dir='ltr'><strong>Κάκ</strong></span> <span class='ocrx_word' id='word_1_247' title='bbox 839 2092 1029 2144; x_wconf 88' lang='grc' dir='ltr'>τούτου</span> <span class='ocrx_word' id='word_1_248' title='bbox 1067 2094 1220 2161; x_wconf 72' lang='grc' dir='ltr'>φησὶ,</span> <span class='ocrx_word' id='word_1_249' title='bbox 1279 2094 1400 2157; x_wconf 85' lang='grc' dir='ltr'><strong>Πῶς</strong></span> <span class='ocrx_word' id='word_1_250' title='bbox 1439 2095 1663 2149; x_wconf 70' lang='grc' dir='ltr'>δυνατὸν</span> 
     </span>
    </p>
   </div>
   <div class='ocr_carea' id='block_1_34' title="bbox 90 2175 1658 2253">
    <p class='ocr_par' dir='ltr' id='par_1_34' title="bbox 90 2175 1658 2253">
     <span class='ocr_line' id='line_1_34' title="bbox 90 2175 1658 2253; baseline 0.001 -22"><span class='ocrx_word' id='word_1_251' title='bbox 90 2180 352 2243; x_wconf 73' lang='grc' dir='ltr'><strong>ἐκείνους</strong></span> <span class='ocrx_word' id='word_1_252' title='bbox 380 2182 476 2249; x_wconf 71' lang='grc' dir='ltr'><strong>ιμὲ</strong></span> <span class='ocrx_word' id='word_1_253' title='bbox 502 2181 791 2245; x_wconf 80' lang='grc' dir='ltr'>διδάσκειν,</span> <span class='ocrx_word' id='word_1_254' title='bbox 809 2175 882 2233; x_wconf 87' lang='grc' dir='ltr'><strong>ῶν</strong></span> <span class='ocrx_word' id='word_1_255' title='bbox 912 2184 1103 2252; x_wconf 83' lang='grc' dir='ltr'>ἆτερος</span> <span class='ocrx_word' id='word_1_256' title='bbox 1130 2184 1227 2251; x_wconf 85' lang='grc' dir='ltr'>μὲν</span> <span class='ocrx_word' id='word_1_257' title='bbox 1255 2184 1469 2253; x_wconf 79' lang='grc' dir='ltr'><strong>Πέρσης</strong></span> <span class='ocrx_word' id='word_1_258' title='bbox 1489 2184 1658 2249; x_wconf 77' lang='grc' dir='ltr'>ἐστὶν,</span> 
     </span>
    </p>
   </div>
   <div class='ocr_carea' id='block_1_35' title="bbox 89 2267 1659 2337">
    <p class='ocr_par' dir='ltr' id='par_1_35' title="bbox 89 2267 1659 2337">
     <span class='ocr_line' id='line_1_35' title="bbox 89 2267 1659 2337; baseline 0.003 -18"><span class='ocrx_word' id='word_1_259' title='bbox 89 2272 120 2319; x_wconf 83' lang='grc' dir='ltr'>ὀ</span> <span class='ocrx_word' id='word_1_260' title='bbox 153 2268 216 2320; x_wconf 75' lang='grc' dir='ltr'>δὲ</span> <span class='ocrx_word' id='word_1_261' title='bbox 245 2268 434 2329; x_wconf 74' lang='grc' dir='ltr'>λοιπὸς</span> <span class='ocrx_word' id='word_1_262' title='bbox 475 2267 757 2337; x_wconf 51' lang='grc' dir='ltr'>Ἐϐραῖος</span> <span class='ocrx_word' id='word_1_263' title='bbox 786 2270 1057 2323; x_wconf 87' lang='grc' dir='ltr'>Είπὸντων</span> <span class='ocrx_word' id='word_1_264' title='bbox 1086 2272 1130 2325; x_wconf 85' lang='grc' dir='ltr'>δ’</span> <span class='ocrx_word' id='word_1_265' title='bbox 1157 2272 1412 2336; x_wconf 82' lang='grc' dir='ltr'>ἐκείνων,</span> <span class='ocrx_word' id='word_1_266' title='bbox 1440 2272 1659 2324; x_wconf 71' lang='grc' dir='ltr'>δυνατὸν</span> 
     </span>
    </p>
   </div>
   <div class='ocr_carea' id='block_1_36' title="bbox 92 2358 1661 2431">
    <p class='ocr_par' dir='ltr' id='par_1_36' title="bbox 92 2358 1661 2431">
     <span class='ocr_line' id='line_1_36' title="bbox 92 2358 1661 2431; baseline 0.004 -22"><span class='ocrx_word' id='word_1_267' title='bbox 92 2358 247 2411; x_wconf 79' lang='grc' dir='ltr'>εἶναι</span> <span class='ocrx_word' id='word_1_268' title='bbox 284 2361 354 2425; x_wconf 79' lang='grc' dir='ltr'>τῇ</span> <span class='ocrx_word' id='word_1_269' title='bbox 382 2359 588 2411; x_wconf 76' lang='grc' dir='ltr'>ἑαυτῶν</span> <span class='ocrx_word' id='word_1_270' title='bbox 620 2360 882 2431; x_wconf 75' lang='grc' dir='ltr'><strong>διαλέκτῳ</strong></span> <span class='ocrx_word' id='word_1_271' title='bbox 910 2364 1045 2430; x_wconf 77' lang='grc' dir='ltr'>πρὸς</span> <span class='ocrx_word' id='word_1_272' title='bbox 1085 2362 1143 2415; x_wconf 85' lang='grc' dir='ltr'>σὲ</span> <span class='ocrx_word' id='word_1_273' title='bbox 1177 2362 1543 2429; x_wconf 75' lang='grc' dir='ltr'>διαλέγεσθαι,</span> <span class='ocrx_word' id='word_1_274' title='bbox 1568 2364 1661 2416; x_wconf 72' lang='grc' dir='ltr'><strong>καὶ</strong></span> 
     </span>
    </p>
   </div>
   <div class='ocr_carea' id='block_1_37' title="bbox 93 2449 1661 2524">
    <p class='ocr_par' dir='ltr' id='par_1_37' title="bbox 93 2449 1661 2524">
     <span class='ocr_line' id='line_1_37' title="bbox 93 2449 1661 2524; baseline 0.002 -21"><span class='ocrx_word' id='word_1_275' title='bbox 93 2449 421 2504; x_wconf 77' lang='grc' dir='ltr'>ὲκτίθεσθαί</span> <span class='ocrx_word' id='word_1_276' title='bbox 448 2468 552 2515; x_wconf 88' lang='grc' dir='ltr'>σοι,</span> <span class='ocrx_word' id='word_1_277' title='bbox 592 2450 649 2502; x_wconf 71' lang='grc' dir='ltr'>σὲ</span> <span class='ocrx_word' id='word_1_278' title='bbox 677 2452 732 2504; x_wconf 81' lang='grc' dir='ltr'>δὲ</span> <span class='ocrx_word' id='word_1_279' title='bbox 756 2455 821 2522; x_wconf 77' lang='grc' dir='ltr'>τῇ</span> <span class='ocrx_word' id='word_1_280' title='bbox 847 2453 1044 2506; x_wconf 84' lang='grc' dir='ltr'>σαυτοῦ</span> <span class='ocrx_word' id='word_1_281' title='bbox 1074 2452 1294 2524; x_wconf 90' lang='grc' dir='ltr'>γλώσσῃ</span> <span class='ocrx_word' id='word_1_282' title='bbox 1323 2455 1494 2506; x_wconf 81' lang='grc' dir='ltr'>πάντα</span> <span class='ocrx_word' id='word_1_283' title='bbox 1540 2471 1661 2506; x_wconf 80' lang='grc' dir='ltr'>συν-</span> 
     </span>
    </p>
   </div>
   <div class='ocr_carea' id='block_1_38' title="bbox 92 2536 1660 2613">
    <p class='ocr_par' dir='ltr' id='par_1_38' title="bbox 92 2536 1660 2613">
     <span class='ocr_line' id='line_1_38' title="bbox 92 2536 1660 2613; baseline 0.003 -22"><span class='ocrx_word' id='word_1_284' title='bbox 92 2542 325 2594; x_wconf 86' lang='grc' dir='ltr'>τάττειν</span> <span class='ocrx_word' id='word_1_285' title='bbox 349 2580 365 2604; x_wconf 88' lang='grc'><strong>,</strong></span> <span class='ocrx_word' id='word_1_286' title='bbox 412 2542 510 2610; x_wconf 74' lang='grc' dir='ltr'>οὐχ</span> <span class='ocrx_word' id='word_1_287' title='bbox 554 2536 679 2611; x_wconf 73' lang='grc' dir='ltr'>εὗρε</span> <span class='ocrx_word' id='word_1_288' title='bbox 718 2543 854 2612; x_wconf 78' lang='grc' dir='ltr'>πρὸς</span> <span class='ocrx_word' id='word_1_289' title='bbox 889 2542 1045 2595; x_wconf 86' lang='grc' dir='ltr'>τοῦτο</span> <span class='ocrx_word' id='word_1_290' title='bbox 1092 2544 1396 2613; x_wconf 88' lang='grc' dir='ltr'>ἀπόκρισιν.</span> <span class='ocrx_word' id='word_1_291' title='bbox 1446 2543 1583 2597; x_wconf 70' lang='grc' dir='ltr'>Ἀλλ’</span> <span class='ocrx_word' id='word_1_292' title='bbox 1612 2546 1660 2596; x_wconf 84' lang='grc' dir='ltr'><strong>εί</strong></span> 
     </span>
    </p>
   </div>
   <div class='ocr_carea' id='block_1_39' title="bbox 99 2625 1664 2716">
    <p class='ocr_par' dir='ltr' id='par_1_39' title="bbox 99 2625 1664 2716">
     <span class='ocr_line' id='line_1_39' title="bbox 99 2625 1664 2716; baseline 0.005 -35"><span class='ocrx_word' id='word_1_293' title='bbox 99 2632 181 2699; x_wconf 78' lang='grc' dir='ltr'><strong>μὴ</strong></span> <span class='ocrx_word' id='word_1_294' title='bbox 215 2625 332 2695; x_wconf 75' lang='grc' dir='ltr'>οἷός</span> <span class='ocrx_word' id='word_1_295' title='bbox 352 2646 410 2716; x_wconf 74' lang='grc' dir='ltr'><strong>τε</strong></span> <span class='ocrx_word' id='word_1_296' title='bbox 431 2628 500 2701; x_wconf 75' lang='grc' dir='ltr'>ἦν</span> <span class='ocrx_word' id='word_1_297' title='bbox 526 2632 630 2685; x_wconf 75' lang='grc' dir='ltr'>ὑπὸ</span> <span class='ocrx_word' id='word_1_298' title='bbox 666 2632 915 2701; x_wconf 80' lang='grc' dir='ltr'>Ἐϐραίου</span> <span class='ocrx_word' id='word_1_299' title='bbox 938 2634 1033 2688; x_wconf 76' lang='grc' dir='ltr'>καὶ</span> <span class='ocrx_word' id='word_1_300' title='bbox 1063 2635 1270 2705; x_wconf 77' lang='grc' dir='ltr'>Πέρσου</span> <span class='ocrx_word' id='word_1_301' title='bbox 1298 2634 1664 2702; x_wconf 79' lang='grc' dir='ltr'>διδάσκεσθαι,</span> 
     </span>
    </p>
   </div>
   <div class='ocr_carea' id='block_1_40' title="bbox 93 2721 1661 2793">
    <p class='ocr_par' dir='ltr' id='par_1_40' title="bbox 93 2721 1661 2793">
     <span class='ocr_line' id='line_1_40' title="bbox 93 2721 1661 2793; baseline 0.004 -20"><span class='ocrx_word' id='word_1_302' title='bbox 93 2721 440 2790; x_wconf 73' lang='grc' dir='ltr'>δμοιοτέρων</span> <span class='ocrx_word' id='word_1_303' title='bbox 473 2722 641 2777; x_wconf 74' lang='grc' dir='ltr'>ὅντων</span> <span class='ocrx_word' id='word_1_304' title='bbox 690 2724 891 2789; x_wconf 84' lang='grc' dir='ltr'>αὐτῶν,</span> <span class='ocrx_word' id='word_1_305' title='bbox 929 2725 1043 2787; x_wconf 90' lang='grc' dir='ltr'><strong>πῶς</strong></span> <span class='ocrx_word' id='word_1_306' title='bbox 1076 2725 1279 2788; x_wconf 72' lang='grc' dir='ltr'>ὲκεῖνος</span> <span class='ocrx_word' id='word_1_307' title='bbox 1312 2725 1529 2793; x_wconf 79' lang='grc' dir='ltr'>ὴδύνατ’</span> <span class='ocrx_word' id='word_1_308' title='bbox 1560 2726 1661 2779; x_wconf 78' lang='grc' dir='ltr'><strong>αύο</strong></span> 
     </span>
    </p>
   </div>
   <div class='ocr_carea' id='block_1_41' title="bbox 95 2816 1656 2885">
    <p class='ocr_par' dir='ltr' id='par_1_41' title="bbox 95 2816 1656 2885">
     <span class='ocr_line' id='line_1_41' title="bbox 95 2816 1656 2885; baseline 0.003 -21"><span class='ocrx_word' id='word_1_309' title='bbox 95 2816 232 2876; x_wconf 75' lang='grc' dir='ltr'>τοὺς</span> <span class='ocrx_word' id='word_1_310' title='bbox 282 2816 621 2883; x_wconf 67' lang='grc' dir='ltr'>πορρωτάτω</span> <span class='ocrx_word' id='word_1_311' title='bbox 674 2816 771 2883; x_wconf 83' lang='grc' dir='ltr'>τῆς</span> <span class='ocrx_word' id='word_1_312' title='bbox 836 2816 1000 2869; x_wconf 82' lang='grc' dir='ltr'>αὐτοῦ</span> <span class='ocrx_word' id='word_1_313' title='bbox 1053 2817 1304 2885; x_wconf 81' lang='grc' dir='ltr'><strong>γλώσσης</strong></span> <span class='ocrx_word' id='word_1_314' title='bbox 1352 2816 1656 2881; x_wconf 81' lang='grc' dir='ltr'>διδάσκειν;</span> 
     </span>
    </p>
   </div>
   <div class='ocr_carea' id='block_1_42' title="bbox 98 2895 1659 2975">
    <p class='ocr_par' dir='ltr' id='par_1_42' title="bbox 98 2895 1659 2975">
     <span class='ocr_line' id='line_1_42' title="bbox 98 2895 1659 2975; baseline 0.002 -18"><span class='ocrx_word' id='word_1_315' title='bbox 98 2905 277 2967; x_wconf 72' lang='grc' dir='ltr'>Αὐτὸς</span> <span class='ocrx_word' id='word_1_316' title='bbox 316 2906 497 2974; x_wconf 84' lang='grc' dir='ltr'>μέντοι</span> <span class='ocrx_word' id='word_1_317' title='bbox 540 2895 881 2975; x_wconf 48' lang='grc' dir='ltr'>μεταιταῦτά</span> <span class='ocrx_word' id='word_1_318' title='bbox 907 2923 1071 2975; x_wconf 81' lang='grc' dir='ltr'>φησιν</span> <span class='ocrx_word' id='word_1_319' title='bbox 1108 2906 1299 2959; x_wconf 79' lang='grc' dir='ltr'>ἑαυτὸν</span> <span class='ocrx_word' id='word_1_320' title='bbox 1326 2906 1659 2960; x_wconf 81' lang='grc' dir='ltr'>ἀπεστάλθαι</span> 
     </span>
    </p>
   </div>
   <div class='ocr_carea' id='block_1_43' title="bbox 100 2995 1657 3068">
    <p class='ocr_par' dir='ltr' id='par_1_43' title="bbox 100 2995 1657 3068">
     <span class='ocr_line' id='line_1_43' title="bbox 100 2995 1657 3068; baseline -0.001 -21"><span class='ocrx_word' id='word_1_321' title='bbox 100 2997 244 3068; x_wconf 74' lang='grc' dir='ltr'>πρὸς</span> <span class='ocrx_word' id='word_1_322' title='bbox 273 2995 375 3067; x_wconf 82' lang='grc' dir='ltr'>τὴν</span> <span class='ocrx_word' id='word_1_323' title='bbox 399 2996 623 3065; x_wconf 80' lang='grc' dir='ltr'>δλότητα</span> <span class='ocrx_word' id='word_1_324' title='bbox 650 2997 758 3049; x_wconf 89' lang='grc' dir='ltr'><strong>τῶν</strong></span> <span class='ocrx_word' id='word_1_325' title='bbox 785 2996 974 3050; x_wconf 74' lang='grc' dir='ltr'>ἐθνῶν.</span> <span class='ocrx_word' id='word_1_326' title='bbox 1005 2996 1164 3049; x_wconf 84' lang='grc' dir='ltr'>Ὅθεν</span> <span class='ocrx_word' id='word_1_327' title='bbox 1194 2998 1251 3048; x_wconf 74' lang='grc' dir='ltr'>ἑν</span> <span class='ocrx_word' id='word_1_328' title='bbox 1274 2996 1351 3064; x_wconf 85' lang='grc' dir='ltr'>τῷ</span> <span class='ocrx_word' id='word_1_329' title='bbox 1382 2996 1657 3065; x_wconf 74' lang='grc' dir='ltr'>κεφαλαίῳ</span> 
     </span>
    </p>
   </div>
   <div class='ocr_carea' id='block_1_44' title="bbox 1760 1540 3311 1625">
    <p class='ocr_par' dir='ltr' id='par_1_44' title="bbox 1760 1540 3311 1625">
     <span class='ocr_line' id='line_1_44' title="bbox 1760 1540 3311 1625; baseline -0.006 -22"><span class='ocrx_word' id='word_1_330' title='bbox 1760 1540 1915 1618; x_wconf 87' lang='lat' dir='ltr'><strong>quod</strong></span> <span class='ocrx_word' id='word_1_331' title='bbox 1938 1550 2037 1618; x_wconf 85' lang='lat' dir='ltr'><strong>ipsi</strong></span> <span class='ocrx_word' id='word_1_332' title='bbox 2069 1550 2269 1611; x_wconf 84' lang='lat' dir='ltr'><strong>dicent,</strong></span> <span class='ocrx_word' id='word_1_333' title='bbox 2306 1547 2447 1616; x_wconf 90' lang='lat' dir='ltr'><strong>quod</strong></span> <span class='ocrx_word' id='word_1_334' title='bbox 2484 1549 2759 1599; x_wconf 77' lang='lat' dir='ltr'><strong>instruunt</strong></span> <span class='ocrx_word' id='word_1_335' title='bbox 2786 1560 2910 1598; x_wconf 89' lang='lat' dir='ltr'><strong>eum</strong></span> <span class='ocrx_word' id='word_1_336' title='bbox 2936 1559 3056 1597; x_wconf 90' lang='lat' dir='ltr'><strong>cum</strong></span> <span class='ocrx_word' id='word_1_337' title='bbox 3085 1546 3311 1625; x_wconf 67' lang='lat' dir='ltr'><strong>loquun-</strong></span> 
     </span>
    </p>
   </div>
   <div class='ocr_carea' id='block_1_45' title="bbox 1764 1636 3311 1707">
    <p class='ocr_par' dir='ltr' id='par_1_45' title="bbox 1764 1636 3311 1707">
     <span class='ocr_line' id='line_1_45' title="bbox 1764 1636 3311 1707; baseline -0.005 -14"><span class='ocrx_word' id='word_1_338' title='bbox 1764 1651 1851 1695; x_wconf 86' lang='lat' dir='ltr'><strong>tur</strong></span> <span class='ocrx_word' id='word_1_339' title='bbox 1904 1642 1980 1694; x_wconf 86' lang='lat' dir='ltr'><strong>sic</strong></span> <span class='ocrx_word' id='word_1_340' title='bbox 2032 1642 2078 1693; x_wconf 92' lang='lat' dir='ltr'><strong>ei</strong></span> <span class='ocrx_word' id='word_1_341' title='bbox 2133 1644 2183 1693; x_wconf 91' lang='lat' dir='ltr'><strong>iu</strong></span> <span class='ocrx_word' id='word_1_342' title='bbox 2218 1640 2396 1707; x_wconf 88' lang='lat' dir='ltr'><strong>lingua</strong></span> <span class='ocrx_word' id='word_1_343' title='bbox 2434 1640 2670 1699; x_wconf 78' lang='lat' dir='ltr'><strong>Persica,</strong></span> <span class='ocrx_word' id='word_1_344' title='bbox 2703 1639 2813 1690; x_wconf 60' lang='lat' dir='ltr'><strong>hac</strong></span> <span class='ocrx_word' id='word_1_345' title='bbox 2862 1645 3039 1689; x_wconf 88' lang='lat' dir='ltr'><strong>autem</strong></span> <span class='ocrx_word' id='word_1_346' title='bbox 3086 1636 3311 1689; x_wconf 78' lang='lat' dir='ltr'><strong>Arabica</strong></span> 
     </span>
    </p>
   </div>
   <div class='ocr_carea' id='block_1_46' title="bbox 1763 1728 3313 1796">
    <p class='ocr_par' dir='ltr' id='par_1_46' title="bbox 1763 1728 3313 1796">
     <span class='ocr_line' id='line_1_46' title="bbox 1763 1728 3313 1796; baseline -0.005 -10"><span class='ocrx_word' id='word_1_347' title='bbox 1763 1733 1936 1787; x_wconf 81' lang='lat' dir='ltr'><strong>facilis</strong></span> <span class='ocrx_word' id='word_1_348' title='bbox 1961 1743 2061 1786; x_wconf 82' lang='lat' dir='ltr'><strong>est.</strong></span> <span class='ocrx_word' id='word_1_349' title='bbox 2104 1733 2168 1785; x_wconf 89' lang='lat' dir='ltr'><strong>Et</strong></span> <span class='ocrx_word' id='word_1_350' title='bbox 2200 1748 2263 1784; x_wconf 83' lang='lat' dir='ltr'><strong>ex</strong></span> <span class='ocrx_word' id='word_1_351' title='bbox 2294 1732 2396 1785; x_wconf 90' lang='lat' dir='ltr'><strong>hoc</strong></span> <span class='ocrx_word' id='word_1_352' title='bbox 2421 1731 2555 1783; x_wconf 83' lang='lat' dir='ltr'><strong>dicit</strong></span> <span class='ocrx_word' id='word_1_353' title='bbox 2583 1745 2595 1781; x_wconf 91' lang='lat'><strong>:</strong></span> <span class='ocrx_word' id='word_1_354' title='bbox 2628 1728 2911 1795; x_wconf 85' lang='lat' dir='ltr'><strong>Quomodo</strong></span> <span class='ocrx_word' id='word_1_355' title='bbox 2943 1729 3199 1796; x_wconf 85' lang='lat' dir='ltr'><strong>possibile</strong></span> <span class='ocrx_word' id='word_1_356' title='bbox 3231 1738 3313 1781; x_wconf 76' lang='lat' dir='ltr'><strong>est</strong></span> 
     </span>
    </p>
   </div>
   <div class='ocr_carea' id='block_1_47' title="bbox 1763 1818 3310 1891">
    <p class='ocr_par' dir='ltr' id='par_1_47' title="bbox 1763 1818 3310 1891">
     <span class='ocr_line' id='line_1_47' title="bbox 1763 1818 3310 1891; baseline -0.005 -14"><span class='ocrx_word' id='word_1_357' title='bbox 1763 1825 1882 1877; x_wconf 89' lang='lat' dir='ltr'><strong>illos</strong></span> <span class='ocrx_word' id='word_1_358' title='bbox 1932 1839 2015 1877; x_wconf 94' lang='lat' dir='ltr'><strong>me</strong></span> <span class='ocrx_word' id='word_1_359' title='bbox 2062 1824 2281 1888; x_wconf 90' lang='lat' dir='ltr'><strong>docere,</strong></span> <span class='ocrx_word' id='word_1_360' title='bbox 2308 1837 2540 1891; x_wconf 89' lang='lat' dir='ltr'><strong>quorum</strong></span> <span class='ocrx_word' id='word_1_361' title='bbox 2574 1822 2713 1875; x_wconf 84' lang='lat' dir='ltr'><strong>alter</strong></span> <span class='ocrx_word' id='word_1_362' title='bbox 2742 1820 2964 1889; x_wconf 81' lang='lat' dir='ltr'><strong>quidem</strong></span> <span class='ocrx_word' id='word_1_363' title='bbox 3008 1818 3172 1872; x_wconf 83' lang='lat' dir='ltr'><strong>Persa</strong></span> <span class='ocrx_word' id='word_1_364' title='bbox 3207 1833 3310 1879; x_wconf 77' lang='lat' dir='ltr'><strong>est,</strong></span> 
     </span>
    </p>
   </div>
   <div class='ocr_carea' id='block_1_48' title="bbox 1763 1912 3311 1981">
    <p class='ocr_par' dir='ltr' id='par_1_48' title="bbox 1763 1912 3311 1981">
     <span class='ocr_line' id='line_1_48' title="bbox 1763 1912 3311 1981; baseline -0.003 -13"><span class='ocrx_word' id='word_1_365' title='bbox 1763 1917 1899 1969; x_wconf 81' lang='lat' dir='ltr'><strong>alter</strong></span> <span class='ocrx_word' id='word_1_366' title='bbox 1922 1931 2051 1969; x_wconf 86' lang='lat' dir='ltr'><strong>vero</strong></span> <span class='ocrx_word' id='word_1_367' title='bbox 2083 1916 2337 1972; x_wconf 68' lang='lat' dir='ltr'><strong>Hebraeus</strong></span> <span class='ocrx_word' id='word_1_368' title='bbox 2360 1916 2382 1966; x_wconf 64' lang='grc' dir='ltr'><strong>ἲ</strong></span> <span class='ocrx_word' id='word_1_369' title='bbox 2408 1914 2508 1979; x_wconf 87' lang='lat' dir='ltr'><strong>Qui</strong></span> <span class='ocrx_word' id='word_1_370' title='bbox 2540 1913 2792 1967; x_wconf 77' lang='lat' dir='ltr'><strong>dixerunt</strong></span> <span class='ocrx_word' id='word_1_371' title='bbox 2814 1912 2885 1975; x_wconf 89' lang='lat' dir='ltr'><strong>ei,</strong></span> <span class='ocrx_word' id='word_1_372' title='bbox 2910 1912 3164 1981; x_wconf 84' lang='lat' dir='ltr'><strong>possibile</strong></span> <span class='ocrx_word' id='word_1_373' title='bbox 3193 1926 3311 1975; x_wconf 78' lang='lat' dir='ltr'><strong>esse</strong></span> 
     </span>
    </p>
   </div>
   <div class='ocr_carea' id='block_1_49' title="bbox 1769 2004 3313 2074">
    <p class='ocr_par' dir='ltr' id='par_1_49' title="bbox 1769 2004 3313 2074">
     <span class='ocr_line' id='line_1_49' title="bbox 1769 2004 3313 2074; baseline -0.002 -16"><span class='ocrx_word' id='word_1_374' title='bbox 1769 2022 1957 2060; x_wconf 81' lang='lat' dir='ltr'><strong>eorum</strong></span> <span class='ocrx_word' id='word_1_375' title='bbox 2014 2007 2253 2074; x_wconf 88' lang='lat' dir='ltr'><strong>ipsorum</strong></span> <span class='ocrx_word' id='word_1_376' title='bbox 2284 2006 2465 2074; x_wconf 80' lang='lat' dir='ltr'><strong>lingua</strong></span> <span class='ocrx_word' id='word_1_377' title='bbox 2525 2015 2701 2059; x_wconf 81' lang='lat' dir='ltr'><strong>tecum</strong></span> <span class='ocrx_word' id='word_1_378' title='bbox 2740 2004 2910 2072; x_wconf 68' lang='lat' dir='ltr'><strong>loqui,</strong></span> <span class='ocrx_word' id='word_1_379' title='bbox 2941 2014 2996 2057; x_wconf 91' lang='lat' dir='ltr'><strong>et</strong></span> <span class='ocrx_word' id='word_1_380' title='bbox 3045 2018 3313 2070; x_wconf 74' lang='lat' dir='ltr'><strong>exponere</strong></span> 
     </span>
    </p>
   </div>
   <div class='ocr_carea' id='block_1_50' title="bbox 1763 2094 3310 2163">
    <p class='ocr_par' dir='ltr' id='par_1_50' title="bbox 1763 2094 3310 2163">
     <span class='ocr_line' id='line_1_50' title="bbox 1763 2094 3310 2163; baseline 0 -16"><span class='ocrx_word' id='word_1_381' title='bbox 1763 2096 1896 2159; x_wconf 84' lang='lat' dir='ltr'><strong>tibi;</strong></span> <span class='ocrx_word' id='word_1_382' title='bbox 1933 2108 1983 2149; x_wconf 92' lang='lat' dir='ltr'><strong>te</strong></span> <span class='ocrx_word' id='word_1_383' title='bbox 2013 2107 2195 2149; x_wconf 92' lang='lat' dir='ltr'><strong>autem</strong></span> <span class='ocrx_word' id='word_1_384' title='bbox 2230 2095 2303 2149; x_wconf 90' lang='lat' dir='ltr'><strong>tui</strong></span> <span class='ocrx_word' id='word_1_385' title='bbox 2334 2096 2505 2163; x_wconf 85' lang='lat' dir='ltr'><strong>ipsius</strong></span> <span class='ocrx_word' id='word_1_386' title='bbox 2535 2096 2714 2163; x_wconf 78' lang='lat' dir='ltr'><strong>lingua</strong></span> <span class='ocrx_word' id='word_1_387' title='bbox 2763 2094 2941 2146; x_wconf 87' lang='lat' dir='ltr'><strong>omnia</strong></span> <span class='ocrx_word' id='word_1_388' title='bbox 2973 2100 3310 2147; x_wconf 84' lang='lat' dir='ltr'><strong>construere.</strong></span> 
     </span>
    </p>
   </div>
   <div class='ocr_carea' id='block_1_51' title="bbox 1762 2181 3307 2251">
    <p class='ocr_par' dir='ltr' id='par_1_51' title="bbox 1762 2181 3307 2251">
     <span class='ocr_line' id='line_1_51' title="bbox 1762 2181 3307 2251; baseline -0.003 -13"><span class='ocrx_word' id='word_1_389' title='bbox 1762 2184 1878 2238; x_wconf 72' lang='lat' dir='ltr'><strong>Non</strong></span> <span class='ocrx_word' id='word_1_390' title='bbox 1913 2184 2121 2238; x_wconf 77' lang='lat' dir='ltr'><strong>invenit</strong></span> <span class='ocrx_word' id='word_1_391' title='bbox 2158 2184 2222 2237; x_wconf 89' lang='lat' dir='ltr'><strong>ad</strong></span> <span class='ocrx_word' id='word_1_392' title='bbox 2266 2184 2366 2237; x_wconf 91' lang='lat' dir='ltr'><strong>hoc</strong></span> <span class='ocrx_word' id='word_1_393' title='bbox 2399 2184 2829 2251; x_wconf 87' lang='lat' dir='ltr'><strong>responsionem.</strong></span> <span class='ocrx_word' id='word_1_394' title='bbox 2859 2182 2961 2236; x_wconf 90' lang='lat' dir='ltr'><strong>Sed</strong></span> <span class='ocrx_word' id='word_1_395' title='bbox 2995 2181 3039 2235; x_wconf 90' lang='lat' dir='ltr'><strong>si</strong></span> <span class='ocrx_word' id='word_1_396' title='bbox 3073 2196 3177 2234; x_wconf 91' lang='lat' dir='ltr'><strong>non</strong></span> <span class='ocrx_word' id='word_1_397' title='bbox 3214 2197 3307 2249; x_wconf 91' lang='lat' dir='ltr'><strong>po-</strong></span> 
     </span>
    </p>
   </div>
   <div class='ocr_carea' id='block_1_52' title="bbox 1766 2273 3310 2349">
    <p class='ocr_par' dir='ltr' id='par_1_52' title="bbox 1766 2273 3310 2349">
     <span class='ocr_line' id='line_1_52' title="bbox 1766 2273 3310 2349; baseline -0.003 -21"><span class='ocrx_word' id='word_1_398' title='bbox 1766 2283 1904 2328; x_wconf 83' lang='lat' dir='ltr'><strong>terat</strong></span> <span class='ocrx_word' id='word_1_399' title='bbox 1956 2275 2150 2349; x_wconf 61' lang='lat' dir='ltr'><strong>instrui</strong></span> <span class='ocrx_word' id='word_1_400' title='bbox 2186 2276 2250 2328; x_wconf 94' lang='lat' dir='ltr'><strong>ab</strong></span> <span class='ocrx_word' id='word_1_401' title='bbox 2300 2275 2527 2328; x_wconf 70' lang='lat' dir='ltr'><strong>llebrazo</strong></span> <span class='ocrx_word' id='word_1_402' title='bbox 2562 2282 2614 2326; x_wconf 90' lang='lat' dir='ltr'><strong>et</strong></span> <span class='ocrx_word' id='word_1_403' title='bbox 2664 2274 2848 2337; x_wconf 83' lang='lat' dir='ltr'><strong>Persa,</strong></span> <span class='ocrx_word' id='word_1_404' title='bbox 2882 2273 2973 2341; x_wconf 86' lang='lat' dir='ltr'><strong>qui</strong></span> <span class='ocrx_word' id='word_1_405' title='bbox 3020 2273 3310 2341; x_wconf 80' lang='lat' dir='ltr'><strong>propinqui</strong></span> 
     </span>
    </p>
   </div>
   <div class='ocr_carea' id='block_1_53' title="bbox 1766 2363 3313 2435">
    <p class='ocr_par' dir='ltr' id='par_1_53' title="bbox 1766 2363 3313 2435">
     <span class='ocr_line' id='line_1_53' title="bbox 1766 2363 3313 2435; baseline -0.002 -17"><span class='ocrx_word' id='word_1_406' title='bbox 1766 2375 1914 2427; x_wconf 90' lang='lat' dir='ltr'><strong>sunt,</strong></span> <span class='ocrx_word' id='word_1_407' title='bbox 1966 2366 2241 2433; x_wconf 89' lang='lat' dir='ltr'><strong>quomodo</strong></span> <span class='ocrx_word' id='word_1_408' title='bbox 2283 2366 2401 2435; x_wconf 90' lang='lat' dir='ltr'><strong>ipse</strong></span> <span class='ocrx_word' id='word_1_409' title='bbox 2448 2373 2661 2433; x_wconf 82' lang='lat' dir='ltr'><strong>poterat</strong></span> <span class='ocrx_word' id='word_1_410' title='bbox 2714 2364 3033 2418; x_wconf 86' lang='lat' dir='ltr'><strong>reniotiores</strong></span> <span class='ocrx_word' id='word_1_411' title='bbox 3082 2363 3151 2417; x_wconf 88' lang='lat' dir='ltr'><strong>ab</strong></span> <span class='ocrx_word' id='word_1_412' title='bbox 3197 2364 3313 2433; x_wconf 83' lang='lat' dir='ltr'><strong>ejus</strong></span> 
     </span>
    </p>
   </div>
   <div class='ocr_carea' id='block_1_54' title="bbox 1762 2450 3310 2524">
    <p class='ocr_par' dir='ltr' id='par_1_54' title="bbox 1762 2450 3310 2524">
     <span class='ocr_line' id='line_1_54' title="bbox 1762 2450 3310 2524; baseline -0.001 -16"><span class='ocrx_word' id='word_1_413' title='bbox 1762 2456 1943 2524; x_wconf 87' lang='lat' dir='ltr'><strong>lingua</strong></span> <span class='ocrx_word' id='word_1_414' title='bbox 1973 2455 2169 2509; x_wconf 88' lang='lat' dir='ltr'><strong>docere</strong></span> <span class='ocrx_word' id='word_1_415' title='bbox 2193 2456 2214 2505; x_wconf 87' lang='lat'><strong>?</strong></span> <span class='ocrx_word' id='word_1_416' title='bbox 2240 2454 2356 2522; x_wconf 84' lang='lat' dir='ltr'><strong>Ipse</strong></span> <span class='ocrx_word' id='word_1_417' title='bbox 2389 2463 2567 2507; x_wconf 89' lang='lat' dir='ltr'><strong>tamen</strong></span> <span class='ocrx_word' id='word_1_418' title='bbox 2599 2450 2722 2522; x_wconf 77' lang='lat' dir='ltr'><strong>post</strong></span> <span class='ocrx_word' id='word_1_419' title='bbox 2755 2454 2867 2507; x_wconf 70' lang='lat' dir='ltr'><strong>lure</strong></span> <span class='ocrx_word' id='word_1_420' title='bbox 2895 2454 3047 2513; x_wconf 81' lang='lat' dir='ltr'><strong>dicit.</strong></span> <span class='ocrx_word' id='word_1_421' title='bbox 3073 2455 3310 2521; x_wconf 70' lang='lat' dir='ltr'><strong>scipsum</strong></span> 
     </span>
    </p>
   </div>
   <div class='ocr_carea' id='block_1_55' title="bbox 1765 2545 3311 2614">
    <p class='ocr_par' dir='ltr' id='par_1_55' title="bbox 1765 2545 3311 2614">
     <span class='ocr_line' id='line_1_55' title="bbox 1765 2545 3311 2614; baseline -0.001 -15"><span class='ocrx_word' id='word_1_422' title='bbox 1765 2547 1987 2599; x_wconf 83' lang='lat' dir='ltr'><strong>missum</strong></span> <span class='ocrx_word' id='word_1_423' title='bbox 2044 2560 2164 2600; x_wconf 89' lang='lat' dir='ltr'><strong>esse</strong></span> <span class='ocrx_word' id='word_1_424' title='bbox 2197 2545 2261 2598; x_wconf 86' lang='lat' dir='ltr'><strong>ad</strong></span> <span class='ocrx_word' id='word_1_425' title='bbox 2315 2545 2718 2599; x_wconf 83' lang='lat' dir='ltr'><strong>universitatem</strong></span> <span class='ocrx_word' id='word_1_426' title='bbox 2776 2545 3038 2614; x_wconf 85' lang='lat' dir='ltr'><strong>gentium.</strong></span> <span class='ocrx_word' id='word_1_427' title='bbox 3075 2545 3224 2600; x_wconf 86' lang='lat' dir='ltr'><strong>Unde</strong></span> <span class='ocrx_word' id='word_1_428' title='bbox 3259 2545 3311 2598; x_wconf 89' lang='lat' dir='ltr'><strong>in</strong></span> 
     </span>
    </p>
   </div>
   <div class='ocr_carea' id='block_1_56' title="bbox 1763 2636 3315 2708">
    <p class='ocr_par' dir='ltr' id='par_1_56' title="bbox 1763 2636 3315 2708">
     <span class='ocr_line' id='line_1_56' title="bbox 1763 2636 3315 2708; baseline -0.003 -16"><span class='ocrx_word' id='word_1_429' title='bbox 1763 2638 2001 2708; x_wconf 89' lang='lat' dir='ltr'><strong>capitulo</strong></span> <span class='ocrx_word' id='word_1_430' title='bbox 2034 2638 2418 2708; x_wconf 88' lang='lat' dir='ltr'><strong>prophetarum</strong></span> <span class='ocrx_word' id='word_1_431' title='bbox 2476 2637 2572 2700; x_wconf 85' lang='lat' dir='ltr'><strong>ait,</strong></span> <span class='ocrx_word' id='word_1_432' title='bbox 2622 2637 2801 2691; x_wconf 86' lang='lat' dir='ltr'><strong>dicere</strong></span> <span class='ocrx_word' id='word_1_433' title='bbox 2844 2636 2894 2690; x_wconf 91' lang='lat' dir='ltr'><strong>ei</strong></span> <span class='ocrx_word' id='word_1_434' title='bbox 2940 2636 3155 2690; x_wconf 86' lang='lat' dir='ltr'><strong>Deum:</strong></span> <span class='ocrx_word' id='word_1_435' title='bbox 3206 2636 3315 2690; x_wconf 82' lang='lat' dir='ltr'><strong>Nos</strong></span> 
     </span>
    </p>
   </div>
   <div class='ocr_carea' id='block_1_57' title="bbox 1766 2728 3315 2798">
    <p class='ocr_par' dir='ltr' id='par_1_57' title="bbox 1766 2728 3315 2798">
     <span class='ocr_line' id='line_1_57' title="bbox 1766 2728 3315 2798; baseline -0.003 -13"><span class='ocrx_word' id='word_1_436' title='bbox 1766 2732 2015 2785; x_wconf 88' lang='lat' dir='ltr'><strong>misimus</strong></span> <span class='ocrx_word' id='word_1_437' title='bbox 2062 2740 2115 2784; x_wconf 90' lang='lat' dir='ltr'><strong>te</strong></span> <span class='ocrx_word' id='word_1_438' title='bbox 2158 2730 2221 2783; x_wconf 91' lang='lat' dir='ltr'><strong>ad</strong></span> <span class='ocrx_word' id='word_1_439' title='bbox 2275 2728 2682 2783; x_wconf 78' lang='lat' dir='ltr'><strong>universitatem</strong></span> <span class='ocrx_word' id='word_1_440' title='bbox 2730 2730 2992 2798; x_wconf 84' lang='lat' dir='ltr'><strong>gentium.</strong></span> <span class='ocrx_word' id='word_1_441' title='bbox 3045 2728 3148 2781; x_wconf 88' lang='lat' dir='ltr'><strong>Sed</strong></span> <span class='ocrx_word' id='word_1_442' title='bbox 3179 2744 3315 2797; x_wconf 84' lang='lat' dir='ltr'><strong>quu-</strong></span> 
     </span>
    </p>
   </div>
   <div class='ocr_carea' id='block_1_58' title="bbox 1767 2819 3314 2889">
    <p class='ocr_par' dir='ltr' id='par_1_58' title="bbox 1767 2819 3314 2889">
     <span class='ocr_line' id='line_1_58' title="bbox 1767 2819 3314 2889; baseline -0.004 -12"><span class='ocrx_word' id='word_1_443' title='bbox 1767 2821 1928 2877; x_wconf 79' lang='lat' dir='ltr'><strong>modo</strong></span> <span class='ocrx_word' id='word_1_444' title='bbox 1958 2821 2144 2875; x_wconf 89' lang='lat' dir='ltr'><strong>venire</strong></span> <span class='ocrx_word' id='word_1_445' title='bbox 2177 2821 2352 2889; x_wconf 91' lang='lat' dir='ltr'><strong>potuit</strong></span> <span class='ocrx_word' id='word_1_446' title='bbox 2397 2820 2462 2872; x_wconf 90' lang='lat' dir='ltr'><strong>ad</strong></span> <span class='ocrx_word' id='word_1_447' title='bbox 2504 2834 2695 2873; x_wconf 89' lang='lat' dir='ltr'><strong>omnes</strong></span> <span class='ocrx_word' id='word_1_448' title='bbox 2736 2828 2945 2887; x_wconf 88' lang='lat' dir='ltr'><strong>gentes,</strong></span> <span class='ocrx_word' id='word_1_449' title='bbox 2977 2834 3096 2887; x_wconf 76' lang='lat' dir='ltr'><strong>qua:</strong></span> <span class='ocrx_word' id='word_1_450' title='bbox 3129 2819 3314 2872; x_wconf 65' lang='lat' dir='ltr'><strong>divism</strong></span> 
     </span>
    </p>
   </div>
   <div class='ocr_carea' id='block_1_59' title="bbox 1764 2909 3313 2981">
    <p class='ocr_par' dir='ltr' id='par_1_59' title="bbox 1764 2909 3313 2981">
     <span class='ocr_line' id='line_1_59' title="bbox 1764 2909 3313 2981; baseline -0.004 -12"><span class='ocrx_word' id='word_1_451' title='bbox 1764 2923 1917 2969; x_wconf 89' lang='lat' dir='ltr'><strong>erant</strong></span> <span class='ocrx_word' id='word_1_452' title='bbox 1952 2915 2003 2967; x_wconf 90' lang='lat' dir='ltr'><strong>in</strong></span> <span class='ocrx_word' id='word_1_453' title='bbox 2038 2909 2377 2981; x_wconf 76' lang='lat' dir='ltr'><strong>septuaginta</strong></span> <span class='ocrx_word' id='word_1_454' title='bbox 2406 2910 2637 2981; x_wconf 77' lang='lat' dir='ltr'><strong>linguas,</strong></span> <span class='ocrx_word' id='word_1_455' title='bbox 2666 2910 2759 2979; x_wconf 89' lang='lat' dir='ltr'><strong>qui</strong></span> <span class='ocrx_word' id='word_1_456' title='bbox 2790 2910 3074 2979; x_wconf 81' lang='lat' dir='ltr'><strong>ignorabat</strong></span> <span class='ocrx_word' id='word_1_457' title='bbox 3100 2913 3313 2980; x_wconf 87' lang='lat' dir='ltr'><strong>aperire</strong></span> 
     </span>
    </p>
   </div>
   <div class='ocr_carea' id='block_1_60' title="bbox 1768 3000 3314 3071">
    <p class='ocr_par' dir='ltr' id='par_1_60' title="bbox 1768 3000 3314 3071">
     <span class='ocr_line' id='line_1_60' title="bbox 1768 3000 3314 3071; baseline -0.003 -13"><span class='ocrx_word' id='word_1_458' title='bbox 1768 3001 2030 3071; x_wconf 70' lang='lat' dir='ltr'><strong>suiipsius</strong></span> <span class='ocrx_word' id='word_1_459' title='bbox 2064 3000 2290 3055; x_wconf 75' lang='lat' dir='ltr'><strong>verbum</strong></span> <span class='ocrx_word' id='word_1_460' title='bbox 2325 3000 2377 3053; x_wconf 92' lang='lat' dir='ltr'><strong>in</strong></span> <span class='ocrx_word' id='word_1_461' title='bbox 2426 3001 2529 3054; x_wconf 84' lang='lat' dir='ltr'><strong>alia</strong></span> <span class='ocrx_word' id='word_1_462' title='bbox 2568 3001 2749 3069; x_wconf 81' lang='lat' dir='ltr'><strong>lingua</strong></span> <span class='ocrx_word' id='word_1_463' title='bbox 2779 3010 3142 3070; x_wconf 66' lang='lat' dir='ltr'><strong>prmterquam</strong></span> <span class='ocrx_word' id='word_1_464' title='bbox 3190 3004 3314 3054; x_wconf 82' lang='lat' dir='ltr'><strong>Ara-</strong></span> 
     </span>
    </p>
   </div>
   <div class='ocr_carea' id='block_1_61' title="bbox 98 3081 1743 3175">
    <p class='ocr_par' dir='ltr' id='par_1_61' title="bbox 98 3081 1730 3156">
     <span class='ocr_line' id='line_1_61' title="bbox 98 3081 1730 3156; baseline 0.001 -16"><span class='ocrx_word' id='word_1_465' title='bbox 98 3088 211 3140; x_wconf 86' lang='grc' dir='ltr'><strong>τῶν</strong></span> <span class='ocrx_word' id='word_1_466' title='bbox 245 3087 544 3156; x_wconf 78' lang='grc' dir='ltr'>προφητῶν</span> <span class='ocrx_word' id='word_1_467' title='bbox 575 3104 738 3155; x_wconf 83' lang='grc' dir='ltr'>φησιν</span> <span class='ocrx_word' id='word_1_468' title='bbox 770 3091 945 3141; x_wconf 74' lang='grc' dir='ltr'>εἰπεῖν</span> <span class='ocrx_word' id='word_1_469' title='bbox 971 3088 1117 3156; x_wconf 84' lang='grc' dir='ltr'>αύτῷ</span> <span class='ocrx_word' id='word_1_470' title='bbox 1146 3088 1236 3139; x_wconf 77' lang='grc' dir='ltr'><strong>τὸν</strong></span> <span class='ocrx_word' id='word_1_471' title='bbox 1258 3087 1417 3139; x_wconf 69' lang='grc' dir='ltr'>Θεὸν·</span> <span class='ocrx_word' id='word_1_472' title='bbox 1469 3086 1655 3156; x_wconf 76' lang='grc' dir='ltr'>Ἡμεῖς</span> <span class='ocrx_word' id='word_1_473' title='bbox 1682 3081 1730 3141; x_wconf 84' lang='lat' dir='ltr'><strong><em>C</em></strong></span> 
     </span>
    </p>
   </div>
   <div class='ocr_carea' id='block_1_62' title="bbox 1671 3081 3316 3175">
    <p class='ocr_par' dir='ltr' id='par_1_62' title="bbox 1682 3081 3316 3158">
     <span class='ocr_line' id='line_1_62' title="bbox 1682 3081 3316 3158; baseline 0.001 -17"><span class='ocrx_word' id='word_1_474' title='bbox 1682 3081 1730 3141; x_wconf 84' lang='lat' dir='ltr'><strong><em>C</em></strong></span> <span class='ocrx_word' id='word_1_475' title='bbox 1762 3090 1927 3145; x_wconf 82' lang='lat' dir='ltr'><strong>bica?</strong></span> <span class='ocrx_word' id='word_1_476' title='bbox 1964 3088 2304 3143; x_wconf 80' lang='lat' dir='ltr'><strong>Manifestum</strong></span> <span class='ocrx_word' id='word_1_477' title='bbox 2334 3088 2518 3158; x_wconf 82' lang='lat' dir='ltr'><strong>igitur,</strong></span> <span class='ocrx_word' id='word_1_478' title='bbox 2546 3089 2983 3144; x_wconf 88' lang='lat' dir='ltr'><strong>contrarietatem</strong></span> <span class='ocrx_word' id='word_1_479' title='bbox 3018 3101 3071 3145; x_wconf 91' lang='lat' dir='ltr'><strong>et</strong></span> <span class='ocrx_word' id='word_1_480' title='bbox 3099 3092 3316 3146; x_wconf 84' lang='lat' dir='ltr'><strong>menda-</strong></span> 
     </span>
    </p>
   </div>
   <div class='ocr_carea' id='block_1_63' title="bbox 101 3175 1661 3247">
    <p class='ocr_par' dir='ltr' id='par_1_63' title="bbox 101 3175 1661 3247">
     <span class='ocr_line' id='line_1_63' title="bbox 101 3175 1661 3247; baseline -0.001 -17"><span class='ocrx_word' id='word_1_481' title='bbox 101 3176 533 3245; x_wconf 77' lang='grc' dir='ltr'>ἀπεστάλκαμέν</span> <span class='ocrx_word' id='word_1_482' title='bbox 589 3175 649 3229; x_wconf 73' lang='grc' dir='ltr'><strong>σε</strong></span> <span class='ocrx_word' id='word_1_483' title='bbox 708 3179 845 3247; x_wconf 81' lang='grc' dir='ltr'>πρὸς</span> <span class='ocrx_word' id='word_1_484' title='bbox 895 3178 994 3247; x_wconf 77' lang='grc' dir='ltr'><strong>τὴν</strong></span> <span class='ocrx_word' id='word_1_485' title='bbox 1057 3178 1281 3247; x_wconf 80' lang='grc' dir='ltr'>ὁλότητα</span> <span class='ocrx_word' id='word_1_486' title='bbox 1336 3178 1445 3229; x_wconf 90' lang='grc' dir='ltr'><strong>τῶν</strong></span> <span class='ocrx_word' id='word_1_487' title='bbox 1473 3176 1661 3229; x_wconf 72' lang='grc' dir='ltr'>ἐθνῶν.</span> 
     </span>
    </p>
   </div>
   <div class='ocr_carea' id='block_1_64' title="bbox 114 3267 1663 3340">
    <p class='ocr_par' dir='ltr' id='par_1_64' title="bbox 114 3267 1663 3340">
     <span class='ocr_line' id='line_1_64' title="bbox 114 3267 1663 3340; baseline -0.002 -20"><span class='ocrx_word' id='word_1_488' title='bbox 114 3268 285 3321; x_wconf 79' lang='grc' dir='ltr'>Ἀλλὰ</span> <span class='ocrx_word' id='word_1_489' title='bbox 334 3267 449 3340; x_wconf 80' lang='grc' dir='ltr'><strong>πῶς</strong></span> <span class='ocrx_word' id='word_1_490' title='bbox 498 3269 561 3321; x_wconf 76' lang='grc' dir='ltr'>ἂν</span> <span class='ocrx_word' id='word_1_491' title='bbox 610 3269 853 3337; x_wconf 78' lang='grc' dir='ltr'>ἀπῆλθεν</span> <span class='ocrx_word' id='word_1_492' title='bbox 895 3272 975 3330; x_wconf 83' lang='grc' dir='ltr'><strong>εἰς</strong></span> <span class='ocrx_word' id='word_1_493' title='bbox 1033 3270 1205 3322; x_wconf 89' lang='grc' dir='ltr'>πάντα</span> <span class='ocrx_word' id='word_1_494' title='bbox 1256 3269 1324 3320; x_wconf 77' lang='grc' dir='ltr'>τὰ</span> <span class='ocrx_word' id='word_1_495' title='bbox 1374 3268 1535 3335; x_wconf 77' lang='grc' dir='ltr'>ἔθνη,</span> <span class='ocrx_word' id='word_1_496' title='bbox 1582 3268 1663 3328; x_wconf 89' lang='grc' dir='ltr'><strong>είς</strong></span> 
     </span>
    </p>
   </div>
   <div class='ocr_carea' id='block_1_65' title="bbox 105 3358 1661 3430">
    <p class='ocr_par' dir='ltr' id='par_1_65' title="bbox 105 3358 1661 3430">
     <span class='ocr_line' id='line_1_65' title="bbox 105 3358 1661 3430; baseline -0.001 -18"><span class='ocrx_word' id='word_1_497' title='bbox 105 3361 482 3429; x_wconf 68' lang='grc' dir='ltr'>ἑϐδομήκοντα</span> <span class='ocrx_word' id='word_1_498' title='bbox 506 3358 755 3427; x_wconf 81' lang='grc' dir='ltr'>γλώσσας</span> <span class='ocrx_word' id='word_1_499' title='bbox 785 3360 1110 3430; x_wconf 78' lang='grc' dir='ltr'>διῃρημένα,</span> <span class='ocrx_word' id='word_1_500' title='bbox 1140 3362 1167 3413; x_wconf 83' lang='grc' dir='ltr'>ὁ</span> <span class='ocrx_word' id='word_1_501' title='bbox 1194 3359 1403 3427; x_wconf 85' lang='grc' dir='ltr'>ἀγνοῶν</span> <span class='ocrx_word' id='word_1_502' title='bbox 1431 3360 1661 3411; x_wconf 83' lang='grc' dir='ltr'>ἀποστο-</span> 
     </span>
    </p>
   </div>
   <div class='ocr_carea' id='block_1_66' title="bbox 1767 3178 3317 3242">
    <p class='ocr_par' dir='ltr' id='par_1_66' title="bbox 1767 3178 3317 3242">
     <span class='ocr_line' id='line_1_66' title="bbox 1767 3178 3317 3242; baseline 0.001 -8"><span class='ocrx_word' id='word_1_503' title='bbox 1767 3182 1910 3235; x_wconf 89' lang='lat' dir='ltr'><strong>cium</strong></span> <span class='ocrx_word' id='word_1_504' title='bbox 1942 3178 2284 3233; x_wconf 81' lang='lat' dir='ltr'><strong>manifestum</strong></span> <span class='ocrx_word' id='word_1_505' title='bbox 2307 3180 2711 3242; x_wconf 82' lang='lat' dir='ltr'><strong>esse,eumdeni</strong></span> <span class='ocrx_word' id='word_1_506' title='bbox 2739 3181 2870 3234; x_wconf 91' lang='lat' dir='ltr'><strong>solis</strong></span> <span class='ocrx_word' id='word_1_507' title='bbox 2888 3181 3156 3236; x_wconf 79' lang='lat' dir='ltr'><strong>Arabibus</strong></span> <span class='ocrx_word' id='word_1_508' title='bbox 3187 3184 3317 3236; x_wconf 79' lang='lat' dir='ltr'><strong>mis-</strong></span> 
     </span>
    </p>
   </div>
   <div class='ocr_carea' id='block_1_67' title="bbox 1767 3269 3313 3340">
    <p class='ocr_par' dir='ltr' id='par_1_67' title="bbox 1767 3269 3313 3340">
     <span class='ocr_line' id='line_1_67' title="bbox 1767 3269 3313 3340; baseline 0.002 -18"><span class='ocrx_word' id='word_1_509' title='bbox 1767 3285 1888 3323; x_wconf 90' lang='lat' dir='ltr'><strong>sum</strong></span> <span class='ocrx_word' id='word_1_510' title='bbox 1916 3283 2059 3330; x_wconf 87' lang='lat' dir='ltr'><strong>esse,</strong></span> <span class='ocrx_word' id='word_1_511' title='bbox 2085 3278 2141 3321; x_wconf 89' lang='lat' dir='ltr'><strong>et</strong></span> <span class='ocrx_word' id='word_1_512' title='bbox 2178 3269 2433 3322; x_wconf 88' lang='lat' dir='ltr'><strong>omnibus</strong></span> <span class='ocrx_word' id='word_1_513' title='bbox 2460 3269 2731 3336; x_wconf 83' lang='lat' dir='ltr'><strong>gentibus.</strong></span> <span class='ocrx_word' id='word_1_514' title='bbox 2754 3270 2871 3324; x_wconf 88' lang='lat' dir='ltr'><strong>Non</strong></span> <span class='ocrx_word' id='word_1_515' title='bbox 2909 3272 3073 3340; x_wconf 89' lang='lat' dir='ltr'><strong>igitur</strong></span> <span class='ocrx_word' id='word_1_516' title='bbox 3102 3273 3187 3326; x_wconf 79' lang='lat' dir='ltr'><strong>lex</strong></span> <span class='ocrx_word' id='word_1_517' title='bbox 3222 3273 3313 3325; x_wconf 87' lang='lat' dir='ltr'><strong>Dei</strong></span> 
     </span>
    </p>
   </div>
   <div class='ocr_carea' id='block_1_68' title="bbox 1765 3356 3036 3424">
    <p class='ocr_par' dir='ltr' id='par_1_68' title="bbox 1765 3356 3036 3424">
     <span class='ocr_line' id='line_1_68' title="bbox 1765 3356 3036 3424; baseline 0.004 -14"><span class='ocrx_word' id='word_1_518' title='bbox 1765 3365 1869 3419; x_wconf 89' lang='lat' dir='ltr'><strong>est,</strong></span> <span class='ocrx_word' id='word_1_519' title='bbox 1899 3356 1951 3409; x_wconf 93' lang='lat' dir='ltr'><strong>in</strong></span> <span class='ocrx_word' id='word_1_520' title='bbox 1979 3371 2082 3424; x_wconf 86' lang='lat' dir='ltr'><strong>qua</strong></span> <span class='ocrx_word' id='word_1_521' title='bbox 2116 3365 2194 3409; x_wconf 94' lang='lat' dir='ltr'><strong>tot</strong></span> <span class='ocrx_word' id='word_1_522' title='bbox 2224 3357 2638 3410; x_wconf 84' lang='lat' dir='ltr'><strong>eontrarietatcs</strong></span> <span class='ocrx_word' id='word_1_523' title='bbox 2660 3369 2747 3412; x_wconf 91' lang='lat' dir='ltr'><strong>est</strong></span> <span class='ocrx_word' id='word_1_524' title='bbox 2774 3360 3036 3415; x_wconf 81' lang='lat' dir='ltr'><strong>invenire.</strong></span> 
     </span>
    </p>
   </div>
   <div class='ocr_carea' id='block_1_69' title="bbox 66 3446 3317 3521">
    <p class='ocr_par' dir='ltr' id='par_1_69' title="bbox 66 3446 3317 3521">
     <span class='ocr_line' id='line_1_69' title="bbox 66 3446 3317 3521; baseline 0 -18"><span class='ocrx_word' id='word_1_525' title='bbox 66 3484 67 3487; x_wconf 60' lang='grc' dir='ltr'><strong>η</strong></span> <span class='ocrx_word' id='word_1_526' title='bbox 104 3453 363 3517; x_wconf 77' lang='grc' dir='ltr'>ματίζειν</span> <span class='ocrx_word' id='word_1_527' title='bbox 407 3451 500 3503; x_wconf 75' lang='grc' dir='ltr'>τὸν</span> <span class='ocrx_word' id='word_1_528' title='bbox 546 3452 740 3504; x_wconf 76' lang='grc' dir='ltr'>ἑαυτοῦ</span> <span class='ocrx_word' id='word_1_529' title='bbox 770 3451 927 3519; x_wconf 89' lang='grc' dir='ltr'>λόγον</span> <span class='ocrx_word' id='word_1_530' title='bbox 960 3454 1016 3505; x_wconf 85' lang='grc' dir='ltr'>ὲν</span> <span class='ocrx_word' id='word_1_531' title='bbox 1043 3453 1201 3520; x_wconf 78' lang='grc' dir='ltr'>ἑτέρᾳ</span> <span class='ocrx_word' id='word_1_532' title='bbox 1243 3449 1482 3521; x_wconf 88' lang='grc' dir='ltr'>γλώσσῃ,</span> <span class='ocrx_word' id='word_1_533' title='bbox 1519 3449 1657 3517; x_wconf 82' lang='grc' dir='ltr'>πλὴν</span> <span class='ocrx_word' id='word_1_534' title='bbox 1696 3449 1795 3518; x_wconf 78' lang='grc' dir='ltr'>τῆς</span> <span class='ocrx_word' id='word_1_535' title='bbox 1828 3447 2158 3517; x_wconf 81' lang='grc' dir='ltr'>Ἀρασικῆς;</span> <span class='ocrx_word' id='word_1_536' title='bbox 2195 3446 2360 3516; x_wconf 74' lang='grc' dir='ltr'>Δῆλον</span> <span class='ocrx_word' id='word_1_537' title='bbox 2423 3447 2603 3501; x_wconf 82' lang='grc' dir='ltr'>τοίνυν</span> <span class='ocrx_word' id='word_1_538' title='bbox 2660 3451 2806 3501; x_wconf 77' lang='grc' dir='ltr'>ἐστὶν</span> <span class='ocrx_word' id='word_1_539' title='bbox 2852 3452 3195 3520; x_wconf 75' lang='grc' dir='ltr'>ἐναντιότητα</span> <span class='ocrx_word' id='word_1_540' title='bbox 3224 3454 3317 3505; x_wconf 69' lang='grc' dir='ltr'>καὶ</span> 
     </span>
    </p>
   </div>
   <div class='ocr_carea' id='block_1_70' title="bbox 104 3544 3313 3616">
    <p class='ocr_par' dir='ltr' id='par_1_70' title="bbox 104 3544 3313 3616">
     <span class='ocr_line' id='line_1_70' title="bbox 104 3544 3313 3616; baseline 0.002 -18"><span class='ocrx_word' id='word_1_541' title='bbox 104 3548 307 3613; x_wconf 73' lang='grc' dir='ltr'>ψεῦδος</span> <span class='ocrx_word' id='word_1_542' title='bbox 336 3546 794 3610; x_wconf 82' lang='grc' dir='ltr'>ἀπαρακάλυπτον</span> <span class='ocrx_word' id='word_1_543' title='bbox 830 3544 969 3601; x_wconf 74' lang='grc' dir='ltr'>εἴναι</span> <span class='ocrx_word' id='word_1_544' title='bbox 1000 3548 1060 3601; x_wconf 80' lang='grc' dir='ltr'>τὸ</span> <span class='ocrx_word' id='word_1_545' title='bbox 1081 3549 1172 3600; x_wconf 72' lang='grc' dir='ltr'>τὸν</span> <span class='ocrx_word' id='word_1_546' title='bbox 1201 3547 1359 3600; x_wconf 80' lang='grc' dir='ltr'>αὐτὸν</span> <span class='ocrx_word' id='word_1_547' title='bbox 1426 3547 1604 3616; x_wconf 71' lang='grc' dir='ltr'>μόνοις</span> <span class='ocrx_word' id='word_1_548' title='bbox 1660 3562 1721 3597; x_wconf 85' lang='grc' dir='ltr'><strong>τε</strong></span> <span class='ocrx_word' id='word_1_549' title='bbox 1760 3545 1868 3606; x_wconf 83' lang='grc' dir='ltr'>τοῖς</span> <span class='ocrx_word' id='word_1_550' title='bbox 1901 3544 2141 3613; x_wconf 67' lang='grc' dir='ltr'>Ἄραψιν</span> <span class='ocrx_word' id='word_1_551' title='bbox 2188 3545 2546 3608; x_wconf 77' lang='grc' dir='ltr'>ἀπεστάλθαι,</span> <span class='ocrx_word' id='word_1_552' title='bbox 2602 3545 2694 3598; x_wconf 77' lang='grc' dir='ltr'>καὶ</span> <span class='ocrx_word' id='word_1_553' title='bbox 2756 3549 2890 3599; x_wconf 75' lang='grc' dir='ltr'>πᾶσι</span> <span class='ocrx_word' id='word_1_554' title='bbox 2936 3551 3046 3611; x_wconf 86' lang='grc' dir='ltr'>τοῖς</span> <span class='ocrx_word' id='word_1_555' title='bbox 3088 3550 3313 3604; x_wconf 76' lang='grc' dir='ltr'>ἔθνεσιν.</span> 
     </span>
    </p>
   </div>
   <div class='ocr_carea' id='block_1_71' title="bbox 108 3635 2296 3709">
    <p class='ocr_par' dir='ltr' id='par_1_71' title="bbox 108 3635 2296 3709">
     <span class='ocr_line' id='line_1_71' title="bbox 108 3635 2296 3709; baseline -0.002 -15"><span class='ocrx_word' id='word_1_556' title='bbox 108 3644 224 3694; x_wconf 70' lang='lat' dir='ltr'><strong>03x</strong></span> <span class='ocrx_word' id='word_1_557' title='bbox 253 3638 364 3707; x_wconf 81' lang='grc' dir='ltr'>ἄρα</span> <span class='ocrx_word' id='word_1_558' title='bbox 389 3638 547 3709; x_wconf 86' lang='grc' dir='ltr'>νόμος</span> <span class='ocrx_word' id='word_1_559' title='bbox 578 3641 695 3692; x_wconf 71' lang='grc' dir='ltr'>ἐστὶ</span> <span class='ocrx_word' id='word_1_560' title='bbox 730 3640 822 3692; x_wconf 85' lang='grc' dir='ltr'><strong>τοῦ</strong></span> <span class='ocrx_word' id='word_1_561' title='bbox 851 3638 1009 3707; x_wconf 83' lang='grc' dir='ltr'>Θεοῦ,</span> <span class='ocrx_word' id='word_1_562' title='bbox 1042 3641 1099 3692; x_wconf 80' lang='grc' dir='ltr'>ὲν</span> <span class='ocrx_word' id='word_1_563' title='bbox 1127 3635 1170 3707; x_wconf 83' lang='grc' dir='ltr'>ᾧ</span> <span class='ocrx_word' id='word_1_564' title='bbox 1207 3641 1470 3703; x_wconf 83' lang='grc' dir='ltr'>τοσαύτας</span> <span class='ocrx_word' id='word_1_565' title='bbox 1504 3639 1887 3705; x_wconf 79' lang='grc' dir='ltr'>ἐναντιότητας</span> <span class='ocrx_word' id='word_1_566' title='bbox 1916 3636 2062 3690; x_wconf 78' lang='grc' dir='ltr'>ἐστιν</span> <span class='ocrx_word' id='word_1_567' title='bbox 2096 3638 2296 3706; x_wconf 78' lang='grc' dir='ltr'>εὑρεῖν.</span> 
     </span>
    </p>
   </div>
   <div class='ocr_carea' id='block_1_72' title="bbox 126 3740 1659 3842">
    <p class='ocr_par' dir='ltr' id='par_1_72' title="bbox 126 3740 1659 3842">
     <span class='ocr_line' id='line_1_72' title="bbox 126 3740 1659 3842; baseline -0.002 -13"><span class='ocrx_word' id='word_1_568' title='bbox 126 3752 129 3753; x_wconf 12' lang='grc' dir='ltr'><em>ν</em></span> <span class='ocrx_word' id='word_1_569' title='bbox 178 3778 257 3835; x_wconf 87' lang='grc' dir='ltr'><strong>Ζ⁸.</strong></span> <span class='ocrx_word' id='word_1_570' title='bbox 293 3776 424 3829; x_wconf 76' lang='grc' dir='ltr'>Ὀτι</span> <span class='ocrx_word' id='word_1_571' title='bbox 476 3772 677 3829; x_wconf 74' lang='grc' dir='ltr'>οὐδενὶ</span> <span class='ocrx_word' id='word_1_572' title='bbox 728 3775 977 3841; x_wconf 84' lang='grc' dir='ltr'>θαύματι</span> <span class='ocrx_word' id='word_1_573' title='bbox 1012 3778 1045 3829; x_wconf 82' lang='grc' dir='ltr'><em>ὁ</em></span> <span class='ocrx_word' id='word_1_574' title='bbox 1080 3740 1217 3828; x_wconf 30' lang='grc' dir='ltr'>’τῶν</span> <span class='ocrx_word' id='word_1_575' title='bbox 1263 3772 1659 3842; x_wconf 73' lang='grc' dir='ltr'>Σαρῤακηνῶν</span> 
     </span>
    </p>
   </div>
   <div class='ocr_carea' id='block_1_73' title="bbox 599 3844 1171 3912">
    <p class='ocr_par' dir='ltr' id='par_1_73' title="bbox 599 3844 1171 3912">
     <span class='ocr_line' id='line_1_73' title="bbox 599 3844 1171 3912; baseline 0.007 -16"><span class='ocrx_word' id='word_1_576' title='bbox 599 3845 779 3912; x_wconf 78' lang='grc' dir='ltr'>νόμος</span> <span class='ocrx_word' id='word_1_577' title='bbox 808 3844 1171 3906; x_wconf 77' lang='grc' dir='ltr'>βεϐαιοῦται.</span> 
     </span>
    </p>
   </div>
   <div class='ocr_carea' id='block_1_74' title="bbox 178 3953 1747 4027">
    <p class='ocr_par' dir='ltr' id='par_1_74' title="bbox 178 3953 1747 4027">
     <span class='ocr_line' id='line_1_74' title="bbox 178 3953 1747 4027; baseline -0.006 -15"><span class='ocrx_word' id='word_1_578' title='bbox 178 3957 451 4027; x_wconf 75' lang='grc' dir='ltr'>Ἐὖδομόν</span> <span class='ocrx_word' id='word_1_579' title='bbox 495 3957 609 4009; x_wconf 73' lang='grc' dir='ltr'>ἐστι</span> <span class='ocrx_word' id='word_1_580' title='bbox 649 3954 943 4025; x_wconf 75' lang='grc' dir='ltr'>θεωρῆσαι,</span> <span class='ocrx_word' id='word_1_581' title='bbox 977 3956 1059 4009; x_wconf 84' lang='grc' dir='ltr'>ὅτι</span> <span class='ocrx_word' id='word_1_582' title='bbox 1096 3953 1218 4007; x_wconf 74' lang='grc' dir='ltr'>οὒτε</span> <span class='ocrx_word' id='word_1_583' title='bbox 1238 3954 1299 4006; x_wconf 71' lang='grc' dir='ltr'>τὸ</span> <span class='ocrx_word' id='word_1_584' title='bbox 1340 3954 1661 4020; x_wconf 72' lang='grc' dir='ltr'>Ἀλκοράνον</span> <span class='ocrx_word' id='word_1_585' title='bbox 1744 3996 1747 4003; x_wconf 94' lang='grc'>.</span> 
     </span>
    </p>
   </div>
   <div class='ocr_carea' id='block_1_75' title="bbox 110 4044 1662 4118">
    <p class='ocr_par' dir='ltr' id='par_1_75' title="bbox 110 4044 1662 4118">
     <span class='ocr_line' id='line_1_75' title="bbox 110 4044 1662 4118; baseline -0.005 -17"><span class='ocrx_word' id='word_1_586' title='bbox 110 4052 232 4104; x_wconf 75' lang='grc' dir='ltr'>ἐστὶ</span> <span class='ocrx_word' id='word_1_587' title='bbox 281 4050 446 4118; x_wconf 81' lang='grc' dir='ltr'>νόμος</span> <span class='ocrx_word' id='word_1_588' title='bbox 492 4046 629 4101; x_wconf 84' lang='grc' dir='ltr'>Θεοῦ</span> <span class='ocrx_word' id='word_1_589' title='bbox 683 4046 924 4116; x_wconf 85' lang='grc' dir='ltr'>θαύμασι</span> <span class='ocrx_word' id='word_1_590' title='bbox 977 4044 1393 4114; x_wconf 85' lang='grc' dir='ltr'>βεϐαιούμενος,</span> <span class='ocrx_word' id='word_1_591' title='bbox 1456 4045 1577 4096; x_wconf 71' lang='grc' dir='ltr'>οὔτε</span> <span class='ocrx_word' id='word_1_592' title='bbox 1634 4044 1662 4094; x_wconf 84' lang='grc' dir='ltr'><strong>ὁ</strong></span> 
     </span>
    </p>
   </div>
   <div class='ocr_carea' id='block_1_76' title="bbox 113 4131 1662 4207">
    <p class='ocr_par' dir='ltr' id='par_1_76' title="bbox 113 4131 1662 4207">
     <span class='ocr_line' id='line_1_76' title="bbox 113 4131 1662 4207; baseline -0.008 -14"><span class='ocrx_word' id='word_1_593' title='bbox 113 4136 365 4207; x_wconf 83' lang='grc' dir='ltr'>Μωάμεθ</span> <span class='ocrx_word' id='word_1_594' title='bbox 420 4134 717 4197; x_wconf 77' lang='grc' dir='ltr'>ἀπόστολος</span> <span class='ocrx_word' id='word_1_595' title='bbox 782 4134 899 4186; x_wconf 73' lang='grc' dir='ltr'>ἐστι</span> <span class='ocrx_word' id='word_1_596' title='bbox 946 4133 1039 4185; x_wconf 81' lang='grc' dir='ltr'><strong>τοῦ</strong></span> <span class='ocrx_word' id='word_1_597' title='bbox 1098 4132 1266 4185; x_wconf 79' lang='grc' dir='ltr'>Θεοῦο</span> <span class='ocrx_word' id='word_1_598' title='bbox 1321 4131 1383 4185; x_wconf 84' lang='grc' dir='ltr'><strong>ού</strong></span> <span class='ocrx_word' id='word_1_599' title='bbox 1438 4131 1505 4198; x_wconf 83' lang='grc' dir='ltr'>δὴ</span> <span class='ocrx_word' id='word_1_600' title='bbox 1553 4132 1662 4197; x_wconf 83' lang='grc' dir='ltr'><strong>γὰρ</strong></span> 
     </span>
    </p>
   </div>
   <div class='ocr_carea' id='block_1_77' title="bbox 116 4218 1669 4295">
    <p class='ocr_par' dir='ltr' id='par_1_77' title="bbox 116 4218 1669 4295">
     <span class='ocr_line' id='line_1_77' title="bbox 116 4218 1669 4295; baseline -0.008 -15"><span class='ocrx_word' id='word_1_601' title='bbox 116 4228 309 4295; x_wconf 82' lang='grc' dir='ltr'>θαῦμα</span> <span class='ocrx_word' id='word_1_602' title='bbox 347 4223 522 4293; x_wconf 86' lang='grc' dir='ltr'>τούτῳ</span> <span class='ocrx_word' id='word_1_603' title='bbox 570 4222 972 4290; x_wconf 84' lang='grc' dir='ltr'>συμμαρτυρεῖ.</span> <span class='ocrx_word' id='word_1_604' title='bbox 1011 4220 1139 4272; x_wconf 81' lang='grc' dir='ltr'>Ὅτε</span> <span class='ocrx_word' id='word_1_605' title='bbox 1176 4219 1282 4287; x_wconf 85' lang='grc' dir='ltr'>γὰρ</span> <span class='ocrx_word' id='word_1_606' title='bbox 1314 4220 1341 4270; x_wconf 88' lang='grc' dir='ltr'>ὁ</span> <span class='ocrx_word' id='word_1_607' title='bbox 1374 4220 1504 4277; x_wconf 76' lang='grc' dir='ltr'>Θεὸς</span> <span class='ocrx_word' id='word_1_608' title='bbox 1536 4218 1669 4269; x_wconf 83' lang='grc' dir='ltr'>ἀπέ-</span> 
     </span>
    </p>
   </div>
   <div class='ocr_carea' id='block_1_78' title="bbox 116 4307 1667 4380">
    <p class='ocr_par' dir='ltr' id='par_1_78' title="bbox 116 4307 1667 4380">
     <span class='ocr_line' id='line_1_78' title="bbox 116 4307 1667 4380; baseline -0.009 -11"><span class='ocrx_word' id='word_1_609' title='bbox 116 4316 295 4370; x_wconf 81' lang='grc' dir='ltr'>στειλε</span> <span class='ocrx_word' id='word_1_610' title='bbox 356 4314 447 4366; x_wconf 72' lang='grc' dir='ltr'>τὸν</span> <span class='ocrx_word' id='word_1_611' title='bbox 490 4312 731 4380; x_wconf 79' lang='grc' dir='ltr'><strong>Μωῦσῆν</strong></span> <span class='ocrx_word' id='word_1_612' title='bbox 792 4313 869 4371; x_wconf 85' lang='grc' dir='ltr'><strong>είς</strong></span> <span class='ocrx_word' id='word_1_613' title='bbox 919 4311 1009 4363; x_wconf 77' lang='grc' dir='ltr'>τὸν</span> <span class='ocrx_word' id='word_1_614' title='bbox 1058 4310 1274 4379; x_wconf 82' lang='grc' dir='ltr'>Φαραὼ,</span> <span class='ocrx_word' id='word_1_615' title='bbox 1322 4307 1667 4376; x_wconf 84' lang='grc' dir='ltr'>μεγάλα’τέ-</span> 
     </span>
    </p>
   </div>
   <div class='ocr_carea' id='block_1_79' title="bbox 1802 3771 3281 3836">
    <p class='ocr_par' dir='ltr' id='par_1_79' title="bbox 1802 3771 3281 3836">
     <span class='ocr_line' id='line_1_79' title="bbox 1802 3771 3281 3836; baseline 0.007 -10"><span class='ocrx_word' id='word_1_616' title='bbox 1802 3772 1911 3826; x_wconf 77' lang='lat' dir='ltr'><strong>V&#39;ll.</strong></span> <span class='ocrx_word' id='word_1_617' title='bbox 1956 3771 2107 3836; x_wconf 86' lang='lat' dir='ltr'><strong>Quod</strong></span> <span class='ocrx_word' id='word_1_618' title='bbox 2141 3772 2225 3825; x_wconf 71' lang='lat' dir='ltr'><strong>lea:</strong></span> <span class='ocrx_word' id='word_1_619' title='bbox 2267 3771 2651 3828; x_wconf 83' lang='lat' dir='ltr'><strong>Saracenorum</strong></span> <span class='ocrx_word' id='word_1_620' title='bbox 2684 3777 2827 3831; x_wconf 81' lang='lat' dir='ltr'><strong>nullo</strong></span> <span class='ocrx_word' id='word_1_621' title='bbox 2866 3779 3121 3834; x_wconf 81' lang='lat' dir='ltr'><strong>miraculo</strong></span> <span class='ocrx_word' id='word_1_622' title='bbox 3147 3772 3281 3836; x_wconf 68' lang='lat' dir='ltr'><strong>con-</strong></span> 
     </span>
    </p>
   </div>
   <div class='ocr_carea' id='block_1_80' title="bbox 2402 3843 2667 3906">
    <p class='ocr_par' dir='ltr' id='par_1_80' title="bbox 2402 3843 2667 3906">
     <span class='ocr_line' id='line_1_80' title="bbox 2402 3843 2667 3906; baseline 0.004 -9"><span class='ocrx_word' id='word_1_623' title='bbox 2402 3843 2667 3906; x_wconf 78' lang='lat' dir='ltr'><strong>ﬁrmatur.</strong></span> 
     </span>
    </p>
   </div>
   <div class='ocr_carea' id='block_1_81' title="bbox 1837 3953 3316 4032">
    <p class='ocr_par' dir='ltr' id='par_1_81' title="bbox 1837 3953 3316 4032">
     <span class='ocr_line' id='line_1_81' title="bbox 1837 3953 3316 4032; baseline 0 -25"><span class='ocrx_word' id='word_1_624' title='bbox 1837 3953 2079 4021; x_wconf 73' lang='lat' dir='ltr'><strong>Septimo</strong></span> <span class='ocrx_word' id='word_1_625' title='bbox 2114 3962 2197 4007; x_wconf 91' lang='lat' dir='ltr'><strong>est</strong></span> <span class='ocrx_word' id='word_1_626' title='bbox 2240 3954 2722 4021; x_wconf 90' lang='lat' dir='ltr'><strong>considerandum,</strong></span> <span class='ocrx_word' id='word_1_627' title='bbox 2762 3962 2905 4029; x_wconf 92' lang='lat' dir='ltr'><strong>quod</strong></span> <span class='ocrx_word' id='word_1_628' title='bbox 2953 3978 3131 4032; x_wconf 85' lang='lat' dir='ltr'><strong>neque</strong></span> <span class='ocrx_word' id='word_1_629' title='bbox 3157 3966 3316 4019; x_wconf 70' lang='grc' dir='ltr'><strong>Αιοο-</strong></span> 
     </span>
    </p>
   </div>
   <div class='ocr_carea' id='block_1_82' title="bbox 1770 4042 3317 4117">
    <p class='ocr_par' dir='ltr' id='par_1_82' title="bbox 1770 4042 3317 4117">
     <span class='ocr_line' id='line_1_82' title="bbox 1770 4042 3317 4117; baseline 0.008 -22"><span class='ocrx_word' id='word_1_630' title='bbox 1770 4059 1958 4096; x_wconf 92' lang='lat' dir='ltr'><strong>ranum</strong></span> <span class='ocrx_word' id='word_1_631' title='bbox 1981 4054 2061 4097; x_wconf 85' lang='lat' dir='ltr'><strong>est</strong></span> <span class='ocrx_word' id='word_1_632' title='bbox 2088 4044 2169 4096; x_wconf 83' lang='lat' dir='ltr'><strong>lex</strong></span> <span class='ocrx_word' id='word_1_633' title='bbox 2206 4042 2319 4107; x_wconf 92' lang='lat' dir='ltr'><strong>Dei,</strong></span> <span class='ocrx_word' id='word_1_634' title='bbox 2348 4060 2469 4113; x_wconf 72' lang='lat' dir='ltr'><strong>qua:</strong></span> <span class='ocrx_word' id='word_1_635' title='bbox 2502 4046 2779 4102; x_wconf 87' lang='lat' dir='ltr'><strong>miraculis</strong></span> <span class='ocrx_word' id='word_1_636' title='bbox 2805 4049 3183 4117; x_wconf 77' lang='lat' dir='ltr'><strong>conﬁrmetur,</strong></span> <span class='ocrx_word' id='word_1_637' title='bbox 3222 4071 3317 4109; x_wconf 75' lang='lat' dir='ltr'><strong>nc-</strong></span> 
     </span>
    </p>
   </div>
   <div class='ocr_carea' id='block_1_83' title="bbox 1772 4133 3310 4205">
    <p class='ocr_par' dir='ltr' id='par_1_83' title="bbox 1772 4133 3310 4205">
     <span class='ocr_line' id='line_1_83' title="bbox 1772 4133 3310 4205; baseline 0.01 -21"><span class='ocrx_word' id='word_1_638' title='bbox 1772 4136 1878 4199; x_wconf 80' lang='lat' dir='ltr'><strong>que</strong></span> <span class='ocrx_word' id='word_1_639' title='bbox 1914 4133 2249 4188; x_wconf 64' lang='lat' dir='ltr'><strong>Mahomctus</strong></span> <span class='ocrx_word' id='word_1_640' title='bbox 2291 4143 2374 4188; x_wconf 90' lang='lat' dir='ltr'><strong>est</strong></span> <span class='ocrx_word' id='word_1_641' title='bbox 2427 4137 2706 4205; x_wconf 88' lang='lat' dir='ltr'><strong>apostolus</strong></span> <span class='ocrx_word' id='word_1_642' title='bbox 2753 4138 2869 4199; x_wconf 80' lang='lat' dir='ltr'><strong>Dei.</strong></span> <span class='ocrx_word' id='word_1_643' title='bbox 2922 4142 3127 4197; x_wconf 91' lang='lat' dir='ltr'><strong>nullum</strong></span> <span class='ocrx_word' id='word_1_644' title='bbox 3166 4146 3310 4200; x_wconf 87' lang='lat' dir='ltr'><strong>enim</strong></span> 
     </span>
    </p>
   </div>
   <div class='ocr_carea' id='block_1_84' title="bbox 1771 4226 3317 4293">
    <p class='ocr_par' dir='ltr' id='par_1_84' title="bbox 1771 4226 3317 4293">
     <span class='ocr_line' id='line_1_84' title="bbox 1771 4226 3317 4293; baseline 0.01 -17"><span class='ocrx_word' id='word_1_645' title='bbox 1771 4226 2093 4279; x_wconf 87' lang='lat' dir='ltr'><strong>miraculum</strong></span> <span class='ocrx_word' id='word_1_646' title='bbox 2128 4226 2231 4280; x_wconf 92' lang='lat' dir='ltr'><strong>hoc</strong></span> <span class='ocrx_word' id='word_1_647' title='bbox 2274 4237 2521 4282; x_wconf 87' lang='lat' dir='ltr'><strong>testatur.</strong></span> <span class='ocrx_word' id='word_1_648' title='bbox 2558 4228 2786 4293; x_wconf 82' lang='lat' dir='ltr'><strong>Quando</strong></span> <span class='ocrx_word' id='word_1_649' title='bbox 2814 4234 2959 4287; x_wconf 90' lang='lat' dir='ltr'><strong>enim</strong></span> <span class='ocrx_word' id='word_1_650' title='bbox 2992 4234 3133 4289; x_wconf 90' lang='lat' dir='ltr'><strong>Deus</strong></span> <span class='ocrx_word' id='word_1_651' title='bbox 3168 4239 3317 4292; x_wconf 87' lang='lat' dir='ltr'><strong>misit</strong></span> 
     </span>
    </p>
   </div>
   <div class='ocr_carea' id='block_1_85' title="bbox 1766 4314 3311 4391">
    <p class='ocr_par' dir='ltr' id='par_1_85' title="bbox 1766 4314 3311 4391">
     <span class='ocr_line' id='line_1_85' title="bbox 1766 4314 3311 4391; baseline 0.01 -25"><span class='ocrx_word' id='word_1_652' title='bbox 1766 4314 1980 4384; x_wconf 79' lang='lat' dir='ltr'><strong>Moysen</strong></span> <span class='ocrx_word' id='word_1_653' title='bbox 2013 4316 2077 4369; x_wconf 88' lang='lat' dir='ltr'><strong>ad</strong></span> <span class='ocrx_word' id='word_1_654' title='bbox 2128 4315 2485 4379; x_wconf 84' lang='lat' dir='ltr'><strong>Pharaonem,</strong></span> <span class='ocrx_word' id='word_1_655' title='bbox 2532 4332 2721 4387; x_wconf 84' lang='lat' dir='ltr'><strong>magna</strong></span> <span class='ocrx_word' id='word_1_656' title='bbox 2756 4320 2994 4391; x_wconf 88' lang='lat' dir='ltr'><strong>prodigia</strong></span> <span class='ocrx_word' id='word_1_657' title='bbox 3031 4327 3311 4380; x_wconf 82' lang='lat' dir='ltr'><strong>ostendit:</strong></span> 
     </span>
    </p>
   </div>
   <div class='ocr_carea' id='block_1_86' title="bbox 118 4398 1763 4486">
    <p class='ocr_par' dir='ltr' id='par_1_86' title="bbox 118 4398 1740 4476">
     <span class='ocr_line' id='line_1_86' title="bbox 118 4398 1740 4476; baseline -0.008 -15"><span class='ocrx_word' id='word_1_658' title='bbox 118 4423 257 4476; x_wconf 73' lang='grc' dir='ltr'>ρατσ</span> <span class='ocrx_word' id='word_1_659' title='bbox 289 4398 509 4467; x_wconf 64' lang='grc' dir='ltr'>ἔδειξεν.</span> <span class='ocrx_word' id='word_1_660' title='bbox 554 4401 782 4470; x_wconf 79' lang='grc' dir='ltr'>Ὁμοίως</span> <span class='ocrx_word' id='word_1_661' title='bbox 806 4401 861 4453; x_wconf 85' lang='grc' dir='ltr'>δὲ</span> <span class='ocrx_word' id='word_1_662' title='bbox 894 4402 987 4454; x_wconf 68' lang='grc' dir='ltr'><strong>καὶ</strong></span> <span class='ocrx_word' id='word_1_663' title='bbox 1022 4401 1205 4461; x_wconf 80' lang='grc' dir='ltr'>Ἠλίας</span> <span class='ocrx_word' id='word_1_664' title='bbox 1231 4401 1325 4453; x_wconf 79' lang='grc' dir='ltr'>καῖ</span> <span class='ocrx_word' id='word_1_665' title='bbox 1366 4398 1663 4459; x_wconf 80' lang='grc' dir='ltr'>Ἐλισσαῖος</span> <span class='ocrx_word' id='word_1_666' title='bbox 1698 4404 1740 4459; x_wconf 86' lang='grc' dir='ltr'><strong>ῐ)</strong></span> 
     </span>
    </p>
   </div>
   <div class='ocr_carea' id='block_1_87' title="bbox 1671 4398 3316 4486">
    <p class='ocr_par' dir='ltr' id='par_1_87' title="bbox 1698 4404 3316 4486">
     <span class='ocr_line' id='line_1_87' title="bbox 1698 4404 3316 4486; baseline 0.007 -27"><span class='ocrx_word' id='word_1_667' title='bbox 1698 4404 1740 4459; x_wconf 85' lang='grc'><strong>1)</strong></span> <span class='ocrx_word' id='word_1_668' title='bbox 1770 4406 2018 4459; x_wconf 89' lang='lat' dir='ltr'><strong>similiter</strong></span> <span class='ocrx_word' id='word_1_669' title='bbox 2057 4415 2233 4460; x_wconf 91' lang='lat' dir='ltr'><strong>autem</strong></span> <span class='ocrx_word' id='word_1_670' title='bbox 2270 4416 2324 4459; x_wconf 91' lang='lat' dir='ltr'><strong>et</strong></span> <span class='ocrx_word' id='word_1_671' title='bbox 2373 4407 2516 4461; x_wconf 82' lang='lat' dir='ltr'><strong>Elias</strong></span> <span class='ocrx_word' id='word_1_672' title='bbox 2566 4416 2618 4461; x_wconf 92' lang='lat' dir='ltr'><strong>et</strong></span> <span class='ocrx_word' id='word_1_673' title='bbox 2667 4409 2912 4475; x_wconf 67' lang='lat' dir='ltr'><strong>Elisaaus,</strong></span> <span class='ocrx_word' id='word_1_674' title='bbox 2955 4422 3009 4466; x_wconf 90' lang='lat' dir='ltr'><strong>et</strong></span> <span class='ocrx_word' id='word_1_675' title='bbox 3065 4414 3155 4469; x_wconf 82' lang='lat' dir='ltr'><strong>alii</strong></span> <span class='ocrx_word' id='word_1_676' title='bbox 3190 4432 3316 4486; x_wconf 91' lang='lat' dir='ltr'><strong>pro-</strong></span> 
     </span>
    </p>
   </div>
   <div class='ocr_carea' id='block_1_88' title="bbox 116 4490 1669 4562">
    <p class='ocr_par' dir='ltr' id='par_1_88' title="bbox 116 4490 1669 4562">
     <span class='ocr_line' id='line_1_88' title="bbox 116 4490 1669 4562; baseline -0.006 -14"><span class='ocrx_word' id='word_1_677' title='bbox 116 4498 211 4550; x_wconf 78' lang='grc' dir='ltr'>καὶ</span> <span class='ocrx_word' id='word_1_678' title='bbox 273 4496 323 4548; x_wconf 82' lang='grc' dir='ltr'>οἱ</span> <span class='ocrx_word' id='word_1_679' title='bbox 376 4494 524 4549; x_wconf 72' lang='grc' dir='ltr'>ἄλλοι</span> <span class='ocrx_word' id='word_1_680' title='bbox 587 4492 867 4562; x_wconf 74' lang='grc' dir='ltr'>προφῆται</span> <span class='ocrx_word' id='word_1_681' title='bbox 927 4490 1138 4558; x_wconf 81' lang='grc' dir='ltr'>μεγάλα</span> <span class='ocrx_word' id='word_1_682' title='bbox 1203 4493 1295 4542; x_wconf 79' lang='grc' dir='ltr'>καὶ</span> <span class='ocrx_word' id='word_1_683' title='bbox 1362 4490 1669 4553; x_wconf 76' lang='grc' dir='ltr'>ἀνήκουστα</span> 
     </span>
    </p>
   </div>
   <div class='ocr_carea' id='block_1_89' title="bbox 116 4581 1669 4657">
    <p class='ocr_par' dir='ltr' id='par_1_89' title="bbox 116 4581 1669 4657">
     <span class='ocr_line' id='line_1_89' title="bbox 116 4581 1669 4657; baseline -0.006 -16"><span class='ocrx_word' id='word_1_684' title='bbox 116 4588 445 4657; x_wconf 79' lang='grc' dir='ltr'>εἰργάσαντο</span> <span class='ocrx_word' id='word_1_685' title='bbox 478 4585 764 4655; x_wconf 63' lang='grc' dir='ltr'>θαύματω</span> <span class='ocrx_word' id='word_1_686' title='bbox 800 4585 892 4634; x_wconf 79' lang='grc' dir='ltr'>καὶ</span> <span class='ocrx_word' id='word_1_687' title='bbox 938 4584 1171 4651; x_wconf 76' lang='grc' dir='ltr'>μάλιστα</span> <span class='ocrx_word' id='word_1_688' title='bbox 1209 4582 1257 4634; x_wconf 80' lang='grc' dir='ltr'>οἱ</span> <span class='ocrx_word' id='word_1_689' title='bbox 1288 4581 1471 4634; x_wconf 76' lang='grc' dir='ltr'>καινόν</span> <span class='ocrx_word' id='word_1_690' title='bbox 1506 4600 1557 4633; x_wconf 87' lang='grc' dir='ltr'><strong>τι</strong></span> <span class='ocrx_word' id='word_1_691' title='bbox 1590 4582 1669 4641; x_wconf 80' lang='grc' dir='ltr'><strong>είς</strong></span> 
     </span>
    </p>
   </div>
   <div class='ocr_carea' id='block_1_90' title="bbox 116 4670 1670 4744">
    <p class='ocr_par' dir='ltr' id='par_1_90' title="bbox 116 4670 1670 4744">
     <span class='ocr_line' id='line_1_90' title="bbox 116 4670 1670 4744; baseline -0.006 -15"><span class='ocrx_word' id='word_1_692' title='bbox 116 4678 205 4729; x_wconf 77' lang='grc' dir='ltr'><strong>τδν</strong></span> <span class='ocrx_word' id='word_1_693' title='bbox 254 4675 367 4744; x_wconf 87' lang='grc' dir='ltr'>βίον</span> <span class='ocrx_word' id='word_1_694' title='bbox 421 4672 846 4739; x_wconf 77' lang='grc' dir='ltr'>είσενεγκόντες.</span> <span class='ocrx_word' id='word_1_695' title='bbox 914 4672 973 4724; x_wconf 86' lang='lat'><strong>&#39;0</strong></span> <span class='ocrx_word' id='word_1_696' title='bbox 1011 4671 1067 4723; x_wconf 80' lang='grc' dir='ltr'>δὲ</span> <span class='ocrx_word' id='word_1_697' title='bbox 1116 4670 1350 4739; x_wconf 70' lang='grc' dir='ltr'>Χριστὸς</span> <span class='ocrx_word' id='word_1_698' title='bbox 1411 4670 1557 4730; x_wconf 78' lang='grc' dir='ltr'>ίδίως</span> <span class='ocrx_word' id='word_1_699' title='bbox 1612 4670 1670 4719; x_wconf 84' lang='grc' dir='ltr'>ὲν</span> 
     </span>
    </p>
   </div>
   <div class='ocr_carea' id='block_1_91' title="bbox 117 4760 1670 4835">
    <p class='ocr_par' dir='ltr' id='par_1_91' title="bbox 117 4760 1670 4835">
     <span class='ocr_line' id='line_1_91' title="bbox 117 4760 1670 4835; baseline -0.007 -15"><span class='ocrx_word' id='word_1_700' title='bbox 117 4766 363 4835; x_wconf 87' lang='grc' dir='ltr'>θαύμασι</span> <span class='ocrx_word' id='word_1_701' title='bbox 416 4764 507 4816; x_wconf 69' lang='grc' dir='ltr'><strong>καὶ</strong></span> <span class='ocrx_word' id='word_1_702' title='bbox 557 4761 804 4830; x_wconf 84' lang='grc' dir='ltr'>σημείοις</span> <span class='ocrx_word' id='word_1_703' title='bbox 847 4760 1119 4827; x_wconf 88' lang='grc' dir='ltr'>μεγίστοις</span> <span class='ocrx_word' id='word_1_704' title='bbox 1166 4760 1445 4829; x_wconf 78' lang='grc' dir='ltr'>ἐλήλυθεν,</span> <span class='ocrx_word' id='word_1_705' title='bbox 1484 4760 1670 4827; x_wconf 75' lang='grc' dir='ltr'>ὥσπερ</span> 
     </span>
    </p>
   </div>
   <div class='ocr_carea' id='block_1_92' title="bbox 118 4846 1669 4917">
    <p class='ocr_par' dir='ltr' id='par_1_92' title="bbox 118 4846 1669 4917">
     <span class='ocr_line' id='line_1_92' title="bbox 118 4846 1669 4917; baseline -0.004 -12"><span class='ocrx_word' id='word_1_706' title='bbox 118 4854 210 4905; x_wconf 82' lang='grc' dir='ltr'>καὶ</span> <span class='ocrx_word' id='word_1_707' title='bbox 249 4850 412 4912; x_wconf 77' lang='grc' dir='ltr'>αὐτὸς</span> <span class='ocrx_word' id='word_1_708' title='bbox 443 4850 471 4901; x_wconf 84' lang='grc' dir='ltr'>ὁ</span> <span class='ocrx_word' id='word_1_709' title='bbox 506 4846 801 4915; x_wconf 82' lang='grc' dir='ltr'>Μαχούμετ</span> <span class='ocrx_word' id='word_1_710' title='bbox 832 4849 890 4899; x_wconf 78' lang='grc' dir='ltr'>ἐν</span> <span class='ocrx_word' id='word_1_711' title='bbox 922 4848 998 4917; x_wconf 86' lang='grc' dir='ltr'>τῷ</span> <span class='ocrx_word' id='word_1_712' title='bbox 1042 4849 1351 4917; x_wconf 77' lang='grc' dir='ltr'>Ἀλκοράνῳ</span> <span class='ocrx_word' id='word_1_713' title='bbox 1384 4850 1571 4917; x_wconf 79' lang='grc' dir='ltr'>φησίν.</span> <span class='ocrx_word' id='word_1_714' title='bbox 1610 4850 1669 4902; x_wconf 78' lang='lat' dir='ltr'><strong>Ei</strong></span> 
     </span>
    </p>
   </div>
   <div class='ocr_carea' id='block_1_93' title="bbox 117 4936 1669 5011">
    <p class='ocr_par' dir='ltr' id='par_1_93' title="bbox 117 4936 1669 5011">
     <span class='ocr_line' id='line_1_93' title="bbox 117 4936 1669 5011; baseline -0.005 -16"><span class='ocrx_word' id='word_1_715' title='bbox 117 4944 172 4998; x_wconf 81' lang='grc' dir='ltr'>δὲ</span> <span class='ocrx_word' id='word_1_716' title='bbox 207 4936 422 5008; x_wconf 74' lang='grc' dir='ltr'>λέγοιεν</span> <span class='ocrx_word' id='word_1_717' title='bbox 459 4940 508 4992; x_wconf 79' lang='grc' dir='ltr'>οἱ</span> <span class='ocrx_word' id='word_1_718' title='bbox 564 4939 903 5011; x_wconf 79' lang='grc' dir='ltr'>Σαρρακηνοὶ</span> <span class='ocrx_word' id='word_1_719' title='bbox 933 4938 1115 4991; x_wconf 59' lang='grc' dir='ltr'>πολλὰ</span> <span class='ocrx_word' id='word_1_720' title='bbox 1146 4939 1240 4991; x_wconf 76' lang='lat' dir='ltr'><strong>xa‘t</strong></span> <span class='ocrx_word' id='word_1_721' title='bbox 1274 4939 1485 5006; x_wconf 88' lang='grc' dir='ltr'>μεγάλα</span> <span class='ocrx_word' id='word_1_722' title='bbox 1536 4938 1669 4989; x_wconf 82' lang='grc' dir='ltr'>θαύ-</span> 
     </span>
    </p>
   </div>
   <div class='ocr_carea' id='block_1_94' title="bbox 122 5031 1669 5103">
    <p class='ocr_par' dir='ltr' id='par_1_94' title="bbox 122 5031 1669 5103">
     <span class='ocr_line' id='line_1_94' title="bbox 122 5031 1669 5103; baseline -0.004 -16"><span class='ocrx_word' id='word_1_723' title='bbox 122 5050 274 5103; x_wconf 82' lang='grc' dir='ltr'>ματα</span> <span class='ocrx_word' id='word_1_724' title='bbox 316 5032 541 5101; x_wconf 80' lang='grc' dir='ltr'>ποιῆσαι</span> <span class='ocrx_word' id='word_1_725' title='bbox 587 5031 679 5085; x_wconf 80' lang='grc' dir='ltr'><strong>τὸν</strong></span> <span class='ocrx_word' id='word_1_726' title='bbox 714 5032 1046 5101; x_wconf 82' lang='grc' dir='ltr'>Μαχούμετ,</span> <span class='ocrx_word' id='word_1_727' title='bbox 1076 5032 1265 5102; x_wconf 81' lang='grc' dir='ltr'>ὥσπερ</span> <span class='ocrx_word' id='word_1_728' title='bbox 1296 5032 1356 5082; x_wconf 83' lang='grc' dir='ltr'><strong>τὸ</strong></span> <span class='ocrx_word' id='word_1_729' title='bbox 1390 5032 1669 5083; x_wconf 81' lang='grc' dir='ltr'>ἀποκατα-</span> 
     </span>
    </p>
   </div>
   <div class='ocr_carea' id='block_1_95' title="bbox 122 5122 1671 5194">
    <p class='ocr_par' dir='ltr' id='par_1_95' title="bbox 122 5122 1671 5194">
     <span class='ocr_line' id='line_1_95' title="bbox 122 5122 1671 5194; baseline -0.003 -17"><span class='ocrx_word' id='word_1_730' title='bbox 122 5126 315 5194; x_wconf 77' lang='grc' dir='ltr'>στῆσαι</span> <span class='ocrx_word' id='word_1_731' title='bbox 346 5123 445 5194; x_wconf 81' lang='grc' dir='ltr'><strong>τὴν</strong></span> <span class='ocrx_word' id='word_1_732' title='bbox 476 5123 706 5192; x_wconf 79' lang='grc' dir='ltr'>σελήνην</span> <span class='ocrx_word' id='word_1_733' title='bbox 734 5123 1111 5194; x_wconf 79' lang='grc' dir='ltr'>διαιρεθεῖσαν,</span> <span class='ocrx_word' id='word_1_734' title='bbox 1136 5122 1232 5177; x_wconf 77' lang='grc' dir='ltr'>καὶ</span> <span class='ocrx_word' id='word_1_735' title='bbox 1269 5122 1449 5191; x_wconf 77' lang='grc' dir='ltr'>πηγὴν</span> <span class='ocrx_word' id='word_1_736' title='bbox 1482 5122 1671 5191; x_wconf 81' lang='grc' dir='ltr'>ὓδατος</span> 
     </span>
    </p>
   </div>
   <div class='ocr_carea' id='block_1_96' title="bbox 120 5210 1669 5280">
    <p class='ocr_par' dir='ltr' id='par_1_96' title="bbox 120 5210 1669 5280">
     <span class='ocr_line' id='line_1_96' title="bbox 120 5210 1669 5280; baseline -0.001 -15"><span class='ocrx_word' id='word_1_737' title='bbox 120 5213 181 5266; x_wconf 64' lang='grc' dir='ltr'>ἑκ</span> <span class='ocrx_word' id='word_1_738' title='bbox 209 5211 324 5264; x_wconf 88' lang='grc' dir='ltr'><strong>τῶν</strong></span> <span class='ocrx_word' id='word_1_739' title='bbox 364 5210 528 5265; x_wconf 80' lang='grc' dir='ltr'>αὐτοῦ</span> <span class='ocrx_word' id='word_1_740' title='bbox 589 5211 868 5265; x_wconf 85' lang='grc' dir='ltr'>δακτύλων</span> <span class='ocrx_word' id='word_1_741' title='bbox 913 5211 1277 5279; x_wconf 71' lang='grc' dir='ltr'>ἀπορρυῆναι,</span> <span class='ocrx_word' id='word_1_742' title='bbox 1335 5210 1497 5280; x_wconf 85' lang='grc' dir='ltr'>λῆρός</span> <span class='ocrx_word' id='word_1_743' title='bbox 1552 5211 1669 5263; x_wconf 79' lang='grc' dir='ltr'>ἐστι</span> 
     </span>
    </p>
   </div>
   <div class='ocr_carea' id='block_1_97' title="bbox 120 5298 1669 5370">
    <p class='ocr_par' dir='ltr' id='par_1_97' title="bbox 120 5298 1669 5370">
     <span class='ocr_line' id='line_1_97' title="bbox 120 5298 1669 5370; baseline -0.001 -17"><span class='ocrx_word' id='word_1_744' title='bbox 120 5298 299 5365; x_wconf 86' lang='grc' dir='ltr'>τοῦτο,</span> <span class='ocrx_word' id='word_1_745' title='bbox 330 5299 427 5351; x_wconf 80' lang='grc' dir='ltr'><strong>καὶ</strong></span> <span class='ocrx_word' id='word_1_746' title='bbox 470 5301 708 5369; x_wconf 61' lang='grc' dir='ltr'>ἐναντίον</span> <span class='ocrx_word' id='word_1_747' title='bbox 750 5300 827 5370; x_wconf 85' lang='grc' dir='ltr'>τῷ</span> <span class='ocrx_word' id='word_1_748' title='bbox 884 5300 1033 5368; x_wconf 85' lang='grc' dir='ltr'><strong>αὖτῷ</strong></span> <span class='ocrx_word' id='word_1_749' title='bbox 1090 5300 1416 5369; x_wconf 79' lang='grc' dir='ltr'>Ἀλκοράνῳ.</span> <span class='ocrx_word' id='word_1_750' title='bbox 1454 5299 1669 5351; x_wconf 71' lang='grc' dir='ltr'>κωλύει</span> 
     </span>
    </p>
   </div>
   <div class='ocr_carea' id='block_1_98' title="bbox 123 5387 1668 5459">
    <p class='ocr_par' dir='ltr' id='par_1_98' title="bbox 123 5387 1668 5459">
     <span class='ocr_line' id='line_1_98' title="bbox 123 5387 1668 5459; baseline -0.002 -18"><span class='ocrx_word' id='word_1_751' title='bbox 123 5388 228 5459; x_wconf 73' lang='grc' dir='ltr'>γὰρ</span> <span class='ocrx_word' id='word_1_752' title='bbox 257 5390 287 5441; x_wconf 84' lang='grc' dir='ltr'><strong>δ</strong></span> <span class='ocrx_word' id='word_1_753' title='bbox 314 5387 610 5457; x_wconf 80' lang='grc' dir='ltr'>Μαχούμετ</span> <span class='ocrx_word' id='word_1_754' title='bbox 651 5389 778 5456; x_wconf 75' lang='grc' dir='ltr'>περὶ</span> <span class='ocrx_word' id='word_1_755' title='bbox 816 5388 980 5442; x_wconf 79' lang='grc' dir='ltr'>αὑτοῦ</span> <span class='ocrx_word' id='word_1_756' title='bbox 1020 5405 1071 5439; x_wconf 88' lang='grc' dir='ltr'><strong>τι</strong></span> <span class='ocrx_word' id='word_1_757' title='bbox 1102 5390 1337 5440; x_wconf 85' lang='grc' dir='ltr'>τοιοῦτον</span> <span class='ocrx_word' id='word_1_758' title='bbox 1369 5387 1668 5450; x_wconf 83' lang='grc' dir='ltr'>πιστεύειν,</span> 
     </span>
    </p>
   </div>
   <div class='ocr_carea' id='block_1_99' title="bbox 124 5477 1670 5550">
    <p class='ocr_par' dir='ltr' id='par_1_99' title="bbox 124 5477 1670 5550">
     <span class='ocr_line' id='line_1_99' title="bbox 124 5477 1670 5550; baseline -0.001 -20"><span class='ocrx_word' id='word_1_759' title='bbox 124 5480 262 5550; x_wconf 76' lang='grc' dir='ltr'>πλὴν</span> <span class='ocrx_word' id='word_1_760' title='bbox 310 5478 419 5540; x_wconf 85' lang='grc' dir='ltr'><strong>τῶν</strong></span> <span class='ocrx_word' id='word_1_761' title='bbox 470 5479 528 5531; x_wconf 69' lang='lat' dir='ltr'><strong>tv</strong></span> <span class='ocrx_word' id='word_1_762' title='bbox 582 5477 662 5544; x_wconf 85' lang='grc' dir='ltr'>τῷ</span> <span class='ocrx_word' id='word_1_763' title='bbox 704 5478 1011 5548; x_wconf 82' lang='grc' dir='ltr'>Ἀλκοράνῳ</span> <span class='ocrx_word' id='word_1_764' title='bbox 1067 5482 1483 5547; x_wconf 78' lang='grc' dir='ltr'>γεγραμμένων.</span> <span class='ocrx_word' id='word_1_765' title='bbox 1535 5480 1670 5547; x_wconf 74' lang='grc' dir='ltr'>Περὶ</span> 
     </span>
    </p>
   </div>
   <div class='ocr_carea' id='block_1_100' title="bbox 127 5566 1667 5639">
    <p class='ocr_par' dir='ltr' id='par_1_100' title="bbox 127 5566 1667 5639">
     <span class='ocr_line' id='line_1_100' title="bbox 127 5566 1667 5639; baseline 0 -20"><span class='ocrx_word' id='word_1_766' title='bbox 127 5568 361 5639; x_wconf 71' lang='grc' dir='ltr'>πάντων,</span> <span class='ocrx_word' id='word_1_767' title='bbox 400 5567 554 5637; x_wconf 76' lang='grc' dir='ltr'>φησὶ,</span> <span class='ocrx_word' id='word_1_768' title='bbox 584 5566 693 5619; x_wconf 85' lang='grc' dir='ltr'><strong>τῶν</strong></span> <span class='ocrx_word' id='word_1_769' title='bbox 736 5570 1034 5637; x_wconf 81' lang='grc' dir='ltr'>προφητῶν</span> <span class='ocrx_word' id='word_1_770' title='bbox 1083 5569 1264 5619; x_wconf 72' lang='grc' dir='ltr'>πολλοὶ</span> <span class='ocrx_word' id='word_1_771' title='bbox 1297 5570 1466 5621; x_wconf 76' lang='grc' dir='ltr'>πολλὰ</span> <span class='ocrx_word' id='word_1_772' title='bbox 1509 5568 1667 5636; x_wconf 72' lang='grc' dir='ltr'>ἐψεύ-</span> 
     </span>
    </p>
   </div>
   <div class='ocr_carea' id='block_1_101' title="bbox 130 5652 1666 5726">
    <p class='ocr_par' dir='ltr' id='par_1_101' title="bbox 130 5652 1666 5726">
     <span class='ocr_line' id='line_1_101' title="bbox 130 5652 1666 5726; baseline 0.001 -17"><span class='ocrx_word' id='word_1_773' title='bbox 130 5671 308 5723; x_wconf 79' lang='grc' dir='ltr'>σαντο,</span> <span class='ocrx_word' id='word_1_774' title='bbox 355 5657 491 5725; x_wconf 83' lang='grc' dir='ltr'>ὅπερ</span> <span class='ocrx_word' id='word_1_775' title='bbox 550 5656 638 5710; x_wconf 82' lang='grc' dir='ltr'>ἶνα</span> <span class='ocrx_word' id='word_1_776' title='bbox 682 5656 776 5710; x_wconf 73' lang='grc' dir='ltr'><strong>καὶ</strong></span> <span class='ocrx_word' id='word_1_777' title='bbox 828 5660 953 5725; x_wconf 79' lang='grc' dir='ltr'>περὶ</span> <span class='ocrx_word' id='word_1_778' title='bbox 1003 5652 1135 5726; x_wconf 78' lang='grc' dir='ltr'>ἐμοῦ</span> <span class='ocrx_word' id='word_1_779' title='bbox 1171 5656 1466 5724; x_wconf 77' lang='grc' dir='ltr'>λογίζοιντό</span> <span class='ocrx_word' id='word_1_780' title='bbox 1501 5677 1666 5723; x_wconf 81' lang='grc' dir='ltr'>τινες,</span> 
     </span>
    </p>
   </div>
   <div class='ocr_carea' id='block_1_102' title="bbox 1770 4497 3315 4571">
    <p class='ocr_par' dir='ltr' id='par_1_102' title="bbox 1770 4497 3315 4571">
     <span class='ocr_line' id='line_1_102' title="bbox 1770 4497 3315 4571; baseline 0.008 -22"><span class='ocrx_word' id='word_1_781' title='bbox 1770 4498 1942 4565; x_wconf 69' lang='lat' dir='ltr'><strong>pheta:</strong></span> <span class='ocrx_word' id='word_1_782' title='bbox 1990 4512 2178 4566; x_wconf 88' lang='lat' dir='ltr'><strong>magna</strong></span> <span class='ocrx_word' id='word_1_783' title='bbox 2230 4505 2285 4549; x_wconf 89' lang='lat' dir='ltr'><strong>et</strong></span> <span class='ocrx_word' id='word_1_784' title='bbox 2333 4497 2576 4551; x_wconf 86' lang='lat' dir='ltr'><strong>inaudita</strong></span> <span class='ocrx_word' id='word_1_785' title='bbox 2628 4499 2887 4555; x_wconf 85' lang='lat' dir='ltr'><strong>miracula</strong></span> <span class='ocrx_word' id='word_1_786' title='bbox 2932 4502 3212 4571; x_wconf 80' lang='lat' dir='ltr'><strong>fecerunt,</strong></span> <span class='ocrx_word' id='word_1_787' title='bbox 3260 4518 3315 4563; x_wconf 86' lang='lat' dir='ltr'><strong>et</strong></span> 
     </span>
    </p>
   </div>
   <div class='ocr_carea' id='block_1_103' title="bbox 1772 4587 3315 4654">
    <p class='ocr_par' dir='ltr' id='par_1_103' title="bbox 1772 4587 3315 4654">
     <span class='ocr_line' id='line_1_103' title="bbox 1772 4587 3315 4654; baseline 0.009 -16"><span class='ocrx_word' id='word_1_788' title='bbox 1772 4587 2002 4640; x_wconf 82' lang='lat' dir='ltr'><strong>maxime</strong></span> <span class='ocrx_word' id='word_1_789' title='bbox 2035 4588 2127 4653; x_wconf 88' lang='lat' dir='ltr'><strong>qui</strong></span> <span class='ocrx_word' id='word_1_790' title='bbox 2164 4602 2362 4639; x_wconf 87' lang='lat' dir='ltr'><strong>novum</strong></span> <span class='ocrx_word' id='word_1_791' title='bbox 2397 4587 2674 4654; x_wconf 87' lang='lat' dir='ltr'><strong>quoddam</strong></span> <span class='ocrx_word' id='word_1_792' title='bbox 2708 4590 2761 4642; x_wconf 92' lang='lat' dir='ltr'><strong>in</strong></span> <span class='ocrx_word' id='word_1_793' title='bbox 2788 4591 2953 4645; x_wconf 93' lang='lat' dir='ltr'><strong>vitam</strong></span> <span class='ocrx_word' id='word_1_794' title='bbox 2988 4594 3315 4651; x_wconf 81' lang='lat' dir='ltr'><strong>inferebant.</strong></span> 
     </span>
    </p>
   </div>
   <div class='ocr_carea' id='block_1_104' title="bbox 1769 4675 3314 4753">
    <p class='ocr_par' dir='ltr' id='par_1_104' title="bbox 1769 4675 3314 4753">
     <span class='ocr_line' id='line_1_104' title="bbox 1769 4675 3314 4753; baseline 0.007 -24"><span class='ocrx_word' id='word_1_795' title='bbox 1769 4675 2017 4729; x_wconf 85' lang='lat' dir='ltr'><strong>Christus</strong></span> <span class='ocrx_word' id='word_1_796' title='bbox 2044 4685 2219 4729; x_wconf 87' lang='lat' dir='ltr'><strong>autem</strong></span> <span class='ocrx_word' id='word_1_797' title='bbox 2246 4678 2461 4743; x_wconf 89' lang='lat' dir='ltr'><strong>proprie</strong></span> <span class='ocrx_word' id='word_1_798' title='bbox 2494 4677 2546 4729; x_wconf 92' lang='lat' dir='ltr'><strong>in</strong></span> <span class='ocrx_word' id='word_1_799' title='bbox 2575 4679 2853 4734; x_wconf 89' lang='lat' dir='ltr'><strong>miraculis</strong></span> <span class='ocrx_word' id='word_1_800' title='bbox 2876 4690 2931 4735; x_wconf 90' lang='lat' dir='ltr'><strong>et</strong></span> <span class='ocrx_word' id='word_1_801' title='bbox 2959 4683 3127 4753; x_wconf 84' lang='lat' dir='ltr'><strong>signis</strong></span> <span class='ocrx_word' id='word_1_802' title='bbox 3156 4689 3314 4739; x_wconf 21' lang='lat' dir='ltr'><strong>maxi‘</strong></span> 
     </span>
    </p>
   </div>
   <div class='ocr_carea' id='block_1_105' title="bbox 1769 4762 3315 4838">
    <p class='ocr_par' dir='ltr' id='par_1_105' title="bbox 1769 4762 3315 4838">
     <span class='ocr_line' id='line_1_105' title="bbox 1769 4762 3315 4838; baseline 0.008 -23"><span class='ocrx_word' id='word_1_803' title='bbox 1769 4764 1874 4815; x_wconf 85' lang='lat' dir='ltr'><strong>mis</strong></span> <span class='ocrx_word' id='word_1_804' title='bbox 1906 4762 2075 4826; x_wconf 85' lang='lat' dir='ltr'><strong>venit,</strong></span> <span class='ocrx_word' id='word_1_805' title='bbox 2124 4764 2263 4815; x_wconf 90' lang='lat' dir='ltr'><strong>sicut</strong></span> <span class='ocrx_word' id='word_1_806' title='bbox 2309 4771 2362 4815; x_wconf 90' lang='lat' dir='ltr'><strong>et</strong></span> <span class='ocrx_word' id='word_1_807' title='bbox 2410 4763 2521 4831; x_wconf 89' lang='lat' dir='ltr'><strong>ipse</strong></span> <span class='ocrx_word' id='word_1_808' title='bbox 2565 4763 2905 4822; x_wconf 81' lang='lat' dir='ltr'><strong>Mabometus</strong></span> <span class='ocrx_word' id='word_1_809' title='bbox 2949 4769 3000 4821; x_wconf 91' lang='lat' dir='ltr'><strong>in</strong></span> <span class='ocrx_word' id='word_1_810' title='bbox 3047 4771 3315 4838; x_wconf 81' lang='lat' dir='ltr'><strong>Alcorano</strong></span> 
     </span>
    </p>
   </div>
   <div class='ocr_carea' id='block_1_106' title="bbox 1772 4844 3313 4931">
    <p class='ocr_par' dir='ltr' id='par_1_106' title="bbox 1772 4844 3313 4931">
     <span class='ocr_line' id='line_1_106' title="bbox 1772 4844 3313 4931; baseline 0.008 -27"><span class='ocrx_word' id='word_1_811' title='bbox 1772 4851 1923 4906; x_wconf 90' lang='lat' dir='ltr'><strong>dicit.</strong></span> <span class='ocrx_word' id='word_1_812' title='bbox 1961 4854 2013 4904; x_wconf 86' lang='lat' dir='ltr'><strong>Si</strong></span> <span class='ocrx_word' id='word_1_813' title='bbox 2049 4861 2227 4905; x_wconf 90' lang='lat' dir='ltr'><strong>autem</strong></span> <span class='ocrx_word' id='word_1_814' title='bbox 2280 4852 2465 4907; x_wconf 87' lang='lat' dir='ltr'><strong>dicant</strong></span> <span class='ocrx_word' id='word_1_815' title='bbox 2510 4854 2786 4921; x_wconf 89' lang='lat' dir='ltr'><strong>Saraceni,</strong></span> <span class='ocrx_word' id='word_1_816' title='bbox 2821 4859 2988 4912; x_wconf 84' lang='lat' dir='ltr'><strong>multa</strong></span> <span class='ocrx_word' id='word_1_817' title='bbox 3032 4870 3088 4915; x_wconf 90' lang='lat' dir='ltr'><strong>et</strong></span> <span class='ocrx_word' id='word_1_818' title='bbox 3108 4844 3313 4931; x_wconf 71' lang='lat' dir='ltr'><strong>.magnzi</strong></span> 
     </span>
    </p>
   </div>
   <div class='ocr_carea' id='block_1_107' title="bbox 1771 4940 3315 5022">
    <p class='ocr_par' dir='ltr' id='par_1_107' title="bbox 1771 4940 3315 5022">
     <span class='ocr_line' id='line_1_107' title="bbox 1771 4940 3315 5022; baseline 0.009 -29"><span class='ocrx_word' id='word_1_819' title='bbox 1771 4941 2029 4993; x_wconf 88' lang='lat' dir='ltr'><strong>miracula</strong></span> <span class='ocrx_word' id='word_1_820' title='bbox 2096 4940 2287 4996; x_wconf 80' lang='lat' dir='ltr'><strong>fecisse</strong></span> <span class='ocrx_word' id='word_1_821' title='bbox 2333 4940 2723 5010; x_wconf 78' lang='lat' dir='ltr'><strong>Mahometum,</strong></span> <span class='ocrx_word' id='word_1_822' title='bbox 2779 4948 2921 5015; x_wconf 84' lang='lat' dir='ltr'><strong>sicut</strong></span> <span class='ocrx_word' id='word_1_823' title='bbox 2981 4946 3315 5022; x_wconf 51' lang='lat' dir='ltr'><strong>reintegra&#39;re</strong></span> 
     </span>
    </p>
   </div>
   <div class='ocr_carea' id='block_1_108' title="bbox 1770 5029 3315 5120">
    <p class='ocr_par' dir='ltr' id='par_1_108' title="bbox 1770 5029 3315 5120">
     <span class='ocr_line' id='line_1_108' title="bbox 1770 5029 3315 5120; baseline 0.006 -38"><span class='ocrx_word' id='word_1_824' title='bbox 1770 5030 1952 5084; x_wconf 89' lang='lat' dir='ltr'><strong>lunam</strong></span> <span class='ocrx_word' id='word_1_825' title='bbox 1984 5029 2234 5096; x_wconf 86' lang='lat' dir='ltr'><strong>divisam,</strong></span> <span class='ocrx_word' id='word_1_826' title='bbox 2262 5030 2321 5085; x_wconf 87' lang='lat' dir='ltr'><strong>et</strong></span> <span class='ocrx_word' id='word_1_827' title='bbox 2354 5031 2554 5086; x_wconf 80' lang='lat' dir='ltr'><strong>fontem</strong></span> <span class='ocrx_word' id='word_1_828' title='bbox 2584 5048 2735 5102; x_wconf 71' lang='lat' dir='ltr'><strong>aqua!</strong></span> <span class='ocrx_word' id='word_1_829' title='bbox 2762 5050 2825 5089; x_wconf 77' lang='lat' dir='ltr'><strong>ex</strong></span> <span class='ocrx_word' id='word_1_830' title='bbox 2855 5036 2975 5106; x_wconf 79' lang='lat' dir='ltr'><strong>ejus</strong></span> <span class='ocrx_word' id='word_1_831' title='bbox 3002 5039 3183 5120; x_wconf 82' lang='lat' dir='ltr'><strong>digitis</strong></span> <span class='ocrx_word' id='word_1_832' title='bbox 3221 5044 3315 5093; x_wconf 76' lang='lat' dir='ltr'><strong>de-</strong></span> 
     </span>
    </p>
   </div>
   <div class='ocr_carea' id='block_1_109' title="bbox 1772 5118 3316 5186">
    <p class='ocr_par' dir='ltr' id='par_1_109' title="bbox 1772 5118 3316 5186">
     <span class='ocr_line' id='line_1_109' title="bbox 1772 5118 3316 5186; baseline 0.01 -15"><span class='ocrx_word' id='word_1_833' title='bbox 1772 5118 2012 5183; x_wconf 74' lang='lat' dir='ltr'><strong>ﬂuxisse,</strong></span> <span class='ocrx_word' id='word_1_834' title='bbox 2049 5120 2231 5173; x_wconf 81' lang='lat' dir='ltr'><strong>fabula</strong></span> <span class='ocrx_word' id='word_1_835' title='bbox 2272 5128 2355 5173; x_wconf 89' lang='lat' dir='ltr'><strong>est</strong></span> <span class='ocrx_word' id='word_1_836' title='bbox 2388 5120 2513 5186; x_wconf 92' lang='lat' dir='ltr'><strong>hoc,</strong></span> <span class='ocrx_word' id='word_1_837' title='bbox 2546 5132 2603 5175; x_wconf 91' lang='lat' dir='ltr'><strong>et</strong></span> <span class='ocrx_word' id='word_1_838' title='bbox 2652 5128 2987 5180; x_wconf 88' lang='lat' dir='ltr'><strong>contrarium</strong></span> <span class='ocrx_word' id='word_1_839' title='bbox 3020 5118 3197 5183; x_wconf 85' lang='lat' dir='ltr'><strong>eidem</strong></span> <span class='ocrx_word' id='word_1_840' title='bbox 3229 5132 3316 5186; x_wconf 80' lang='lat' dir='ltr'><strong>Al-</strong></span> 
     </span>
    </p>
   </div>
   <div class='ocr_carea' id='block_1_110' title="bbox 1770 5208 3313 5289">
    <p class='ocr_par' dir='ltr' id='par_1_110' title="bbox 1770 5208 3313 5289">
     <span class='ocr_line' id='line_1_110' title="bbox 1770 5208 3313 5289; baseline 0.01 -30"><span class='ocrx_word' id='word_1_841' title='bbox 1770 5224 1990 5261; x_wconf 82' lang='lat' dir='ltr'><strong>corano.</strong></span> <span class='ocrx_word' id='word_1_842' title='bbox 2040 5208 2300 5263; x_wconf 88' lang='lat' dir='ltr'><strong>Prohibet</strong></span> <span class='ocrx_word' id='word_1_843' title='bbox 2350 5210 2494 5263; x_wconf 88' lang='lat' dir='ltr'><strong>enim</strong></span> <span class='ocrx_word' id='word_1_844' title='bbox 2526 5210 2864 5269; x_wconf 75' lang='lat' dir='ltr'><strong>Mahometus</strong></span> <span class='ocrx_word' id='word_1_845' title='bbox 2896 5216 2963 5270; x_wconf 88' lang='lat' dir='ltr'><strong>de</strong></span> <span class='ocrx_word' id='word_1_846' title='bbox 2998 5231 3072 5273; x_wconf 74' lang='lat' dir='ltr'><strong>eo</strong></span> <span class='ocrx_word' id='word_1_847' title='bbox 3108 5220 3313 5289; x_wconf 86' lang='lat' dir='ltr'><strong>aliquid</strong></span> 
     </span>
    </p>
   </div>
   <div class='ocr_carea' id='block_1_111' title="bbox 1773 5298 3317 5374">
    <p class='ocr_par' dir='ltr' id='par_1_111' title="bbox 1773 5298 3317 5374">
     <span class='ocr_line' id='line_1_111' title="bbox 1773 5298 3317 5374; baseline 0.008 -23"><span class='ocrx_word' id='word_1_848' title='bbox 1773 5299 1874 5352; x_wconf 86' lang='lat' dir='ltr'><strong>tale</strong></span> <span class='ocrx_word' id='word_1_849' title='bbox 1909 5298 2153 5361; x_wconf 89' lang='lat' dir='ltr'><strong>credere,</strong></span> <span class='ocrx_word' id='word_1_850' title='bbox 2187 5308 2543 5369; x_wconf 64' lang='lat' dir='ltr'><strong>praeterquam</strong></span> <span class='ocrx_word' id='word_1_851' title='bbox 2572 5317 2693 5370; x_wconf 76' lang='lat' dir='ltr'><strong>qua:</strong></span> <span class='ocrx_word' id='word_1_852' title='bbox 2737 5305 2938 5374; x_wconf 86' lang='lat' dir='ltr'><strong>scripta</strong></span> <span class='ocrx_word' id='word_1_853' title='bbox 2969 5320 3097 5363; x_wconf 68' lang='lat' dir='ltr'><strong>sunt</strong></span> <span class='ocrx_word' id='word_1_854' title='bbox 3118 5308 3195 5362; x_wconf 81' lang='lat' dir='ltr'><strong>.in</strong></span> <span class='ocrx_word' id='word_1_855' title='bbox 3227 5311 3317 5363; x_wconf 84' lang='lat' dir='ltr'><strong>Al-</strong></span> 
     </span>
    </p>
   </div>
   <div class='ocr_carea' id='block_1_112' title="bbox 1769 5374 3315 5469">
    <p class='ocr_par' dir='ltr' id='par_1_112' title="bbox 1769 5374 3315 5469">
     <span class='ocr_line' id='line_1_112' title="bbox 1769 5374 3315 5469; baseline 0.006 -27"><span class='ocrx_word' id='word_1_856' title='bbox 1769 5403 1989 5443; x_wconf 85' lang='lat' dir='ltr'><strong>corauo.</strong></span> <span class='ocrx_word' id='word_1_857' title='bbox 2022 5389 2093 5443; x_wconf 89' lang='lat' dir='ltr'><strong>De</strong></span> <span class='ocrx_word' id='word_1_858' title='bbox 2143 5389 2397 5443; x_wconf 87' lang='lat' dir='ltr'><strong>omnibus</strong></span> <span class='ocrx_word' id='word_1_859' title='bbox 2423 5389 2701 5459; x_wconf 86' lang='lat' dir='ltr'><strong>prophetis</strong></span> <span class='ocrx_word' id='word_1_860' title='bbox 2746 5394 2879 5448; x_wconf 89' lang='lat' dir='ltr'><strong>dicit</strong></span> <span class='ocrx_word' id='word_1_861' title='bbox 2904 5412 2919 5445; x_wconf 87' lang='lat'><strong>:</strong></span> <span class='ocrx_word' id='word_1_862' title='bbox 2946 5374 3315 5469; x_wconf 29' lang='lat' dir='ltr'><strong>Multi&#39;l‘multa</strong></span> 
     </span>
    </p>
   </div>
   <div class='ocr_carea' id='block_1_113' title="bbox 1771 5478 3313 5553">
    <p class='ocr_par' dir='ltr' id='par_1_113' title="bbox 1771 5478 3313 5553">
     <span class='ocr_line' id='line_1_113' title="bbox 1771 5478 3313 5553; baseline 0.004 -20"><span class='ocrx_word' id='word_1_863' title='bbox 1771 5478 1983 5533; x_wconf 88' lang='lat' dir='ltr'><strong>mentiti</strong></span> <span class='ocrx_word' id='word_1_864' title='bbox 2030 5488 2179 5541; x_wconf 89' lang='lat' dir='ltr'><strong>sunt,</strong></span> <span class='ocrx_word' id='word_1_865' title='bbox 2216 5479 2357 5545; x_wconf 83' lang='lat' dir='ltr'><strong>quod</strong></span> <span class='ocrx_word' id='word_1_866' title='bbox 2392 5496 2457 5534; x_wconf 91' lang='lat' dir='ltr'><strong>ne</strong></span> <span class='ocrx_word' id='word_1_867' title='bbox 2505 5480 2570 5533; x_wconf 90' lang='lat' dir='ltr'><strong>de</strong></span> <span class='ocrx_word' id='word_1_868' title='bbox 2611 5496 2695 5535; x_wconf 91' lang='lat' dir='ltr'><strong>me</strong></span> <span class='ocrx_word' id='word_1_869' title='bbox 2728 5483 3045 5537; x_wconf 71' lang='lat' dir='ltr'><strong>existiment</strong></span> <span class='ocrx_word' id='word_1_870' title='bbox 3062 5484 3313 5553; x_wconf 77' lang='lat' dir='ltr'><strong>quidam,</strong></span> 
     </span>
    </p>
   </div>
   <div class='ocr_carea' id='block_1_114' title="bbox 1772 5568 3314 5641">
    <p class='ocr_par' dir='ltr' id='par_1_114' title="bbox 1772 5568 3314 5641">
     <span class='ocr_line' id='line_1_114' title="bbox 1772 5568 3314 5641; baseline 0.005 -19"><span class='ocrx_word' id='word_1_871' title='bbox 1772 5570 1823 5622; x_wconf 88' lang='lat' dir='ltr'><strong>id</strong></span> <span class='ocrx_word' id='word_1_872' title='bbox 1869 5571 2039 5639; x_wconf 84' lang='lat' dir='ltr'><strong>solum</strong></span> <span class='ocrx_word' id='word_1_873' title='bbox 2088 5568 2154 5622; x_wconf 89' lang='lat' dir='ltr'><strong>de</strong></span> <span class='ocrx_word' id='word_1_874' title='bbox 2201 5586 2284 5623; x_wconf 86' lang='lat' dir='ltr'><strong>me</strong></span> <span class='ocrx_word' id='word_1_875' title='bbox 2334 5576 2521 5623; x_wconf 66' lang='lat' dir='ltr'><strong>verum</strong></span> <span class='ocrx_word' id='word_1_876' title='bbox 2551 5572 2825 5637; x_wconf 88' lang='lat' dir='ltr'><strong>credatur,</strong></span> <span class='ocrx_word' id='word_1_877' title='bbox 2869 5573 3029 5641; x_wconf 62' lang='lat' dir='ltr'><strong>quod”</strong></span> <span class='ocrx_word' id='word_1_878' title='bbox 3064 5575 3314 5629; x_wconf 80' lang='lat' dir='ltr'><strong>Alcorani</strong></span> 
     </span>
    </p>
   </div>
   <div class='ocr_carea' id='block_1_115' title="bbox 1772 5661 3317 5721">
    <p class='ocr_par' dir='ltr' id='par_1_115' title="bbox 1772 5661 3317 5721">
     <span class='ocr_line' id='line_1_115' title="bbox 1772 5661 3317 5721; baseline 0.005 -7"><span class='ocrx_word' id='word_1_879' title='bbox 1772 5662 2091 5715; x_wconf 84' lang='lat' dir='ltr'><strong>auctoritate</strong></span> <span class='ocrx_word' id='word_1_880' title='bbox 2137 5661 2374 5715; x_wconf 78' lang='lat' dir='ltr'><strong>fulcitdr.</strong></span> <span class='ocrx_word' id='word_1_881' title='bbox 2422 5662 2515 5715; x_wconf 91' lang='lat' dir='ltr'><strong>llle</strong></span> <span class='ocrx_word' id='word_1_882' title='bbox 2566 5664 2712 5717; x_wconf 84' lang='lat' dir='ltr'><strong>enim</strong></span> <span class='ocrx_word' id='word_1_883' title='bbox 2745 5680 2868 5718; x_wconf 89' lang='lat' dir='ltr'><strong>cum</strong></span> <span class='ocrx_word' id='word_1_884' title='bbox 2911 5668 3172 5721; x_wconf 50' lang='lat' dir='ltr'><strong>miracula</strong></span> <span class='ocrx_word' id='word_1_885' title='bbox 3208 5683 3317 5721; x_wconf 85' lang='lat' dir='ltr'><strong>non</strong></span> 
     </span>
    </p>
   </div>
  </div>
