4166 6330
144 289 291 398 107a

1327 341 1613 398 C-_:.\"l‘ii.\
1656 339 2156 402 BEAHOMETEM.

3202 341 3337 408 1074

139 441 532 510 ’Δπεκρίνατοο
570 442 693 495 Ναί.
740 443 845 495 Καὶ
887 444 1318 512 προτέθηκεν,”ίι
1355 451 1444 498 καὶ
1472 448 1568 516 τὴν
1607 446 1697 498 τοῦ

1801 447 2121 514 Mahmueto,
2154 452 2203 504 id
2236 460 2338 513 est,
2369 450 2634 504 insomnia
2677 449 2949 514 audivisti,
2985 449 3344 518 blaspheutias

139 531 385 599 Εὕδορδα
409 533 545 601 ῥῖνα.
571 533 710 600 Πρὸς
732 533 785 585 δὲ
815 533 872 584 τὸ
909 535 1157 600 βεϐαιοῦν
1188 536 1358 587 ταῦτα
1395 538 1699 600 παντα,ού-

135 619 234 673 δὲν
263 619 429 684 ἔδειξε
457 625 680 690 σημεῖον
707 639 720 653 °
751 624 863 675 ἀλλ’
887 624 1200 690 ἀπεγύμνου
1235 628 1392 693 μόνον
1424 628 1482 678 τὸ
1525 630 1694 696 ξίφος.

142 709 272 762 Ἐτι
303 712 680 783 καθαρώτερον
721 715 1034 783 περιέχεται
1078 717 1134 766 ἐν
1271 718 1549 788 κεφαλαίῳ
1583 721 1692 773 τῶν

137 802 457 871 προφητῶν.
480 805 924 880 Ἀναγινώσκεται
944 806 1048 873 γὰρ
1068 804 1236 868 οὕτως
1255 809 1367 858 ἐκεῖ
1385 823 1397 838 ·
1420 805 1580 862 Εἶπον
1604 828 1697 862 πε-

139 889 200 956 ρὶ
216 889 310 941 τοῦ
333 892 591 961 Μωάμεθο
612 895 884 948 τουτέστιν
900 897 1162 951 ἐνυπνίων
1184 901 1441 967 ἀκήκοας,
1460 903 1697 972 βλασφη-

139 979 276 1046 μίας
308 973 627 1052 συνέθηκας,
663 985 692 1052 ἢ
730 987 855 1046 ίσως
884 987 1168 1056 ραψῳδεῖς.
1215 991 1362 1044 Ἐλοὲ
1392 994 1521 1060 προς
1552 995 1698 1062 ἡμᾶς

133 1074 494 1144 τούλάχιστον
519 1079 574 1129 ἐν
594 1079 672 1131 ἐνὶ
699 1079 958 1148 θαύματι,
993 1083 1050 1135 ὃν
1074 1084 1270 1153 τρόπον
1300 1088 1390 1139 καὶ
1418 1089 1464 1138 οἱ
1497 1093 1694 1156 πρσὶτε·

137 1181 236 1232 ρον
257 1166 656 1236 ἀπεστάλησαν.
693 1172 1012 1242 Ἀπεκρίθη,
1035 1176 1389 1246 Κατεστρέψα
1398 1195 1496 1245 μεν
1521 1175 1693 1247 (εἶπεν

132 1259 161 1306 ὀ
217 1257 371 1324 Θεὸς)
399 1260 494 1322 τὰς
533 1261 715 1326 πόλεις
761 1263 988 1318 ἐνώπιον
1027 1266 1132 1319 τῶν
1169 1268 1242 1336 μὴ
1274 1273 1694 1335 πιστευσάντων,

134 1347 233 1397 καὶ
263 1347 401 1415 μετᾶ
424 1349 597 1402 ταῦτα
625 1351 678 1403 oi
724 1353 828 1422 πρὸ
865 1353 1017 1423 ὑμῶν
1055 1358 1152 1409 ούκ
1187 1359 1507 1414 ἐπίστευσαν
1529 1379 1544 1394 ο
1578 1361 1693 1414 ἀλλ’

131 1436 250 1489 οὐδ’
272 1438 336 1490 ἂν
361 1439 517 1517 ὑμεῖς
541 1443 913 1504 ἐπιστεύσατε.
943 1447 990 1498 εί
1020 1447 1091 1516 μὴ
1123 1447 1207 1500 διὰ
1231 1448 1434 1514 ξίφους.
1474 1455 1687 1518 Διισχυ-

135 1528 323 1594 ρίζετο
352 1530 406 1582 δὲ
439 1534 606 1598 ὅμως,
637 1534 709 1596 ὠς
750 1537 851 1588 ὑπὸ
881 1534 972 1587 τοῦ
1010 1533 1141 1588 Θεοῦ
1175 1541 1304 1604 πρὶς
1339 1541 1497 1592 αὑτὸν
1530 1545 1556 1592 ὁ
1587 1543 1690 1592 Γα-

133 1619 302 1686 ϐριὴλ
336 1622 713 1687 ἀπεστέλλετο,
761 1627 909 1691 ἄγων
946 1628 1078 1695 προς
1113 1628 1274 1678 αὑτὸν
1312 1631 1400 1680 καί
1437 1647 1486 1681 τι
1532 1632 1689 1694 ζῶον,

131 1709 263 1760 ὄνου
308 1712 404 1776 μὲν
437 1713 638 1778 μεῖζον,
673 1715 895 1781 ἡμιόνου
933 1716 986 1766 δὲ
1006 1701 1256 1770 ἔλαττον.
1293 1720 1496 1788 Ὄνομα
1531 1721 1585 1772 δὲ
1623 1718 1690 1791 ἦν

131 1795 216 1863 τῷ
246 1794 368 1863 ζώιρ
410 1798 739 1868 Ἐλμπεράκ.
775 1801 1050 1868 Διελέγετο
1069 1803 1123 1857 δὲ
1149 1804 1208 1856 τὸ
1240 1803 1394 1868 ζῶον,
1427 1811 1688 1876 περιεπά-

132 1900 224 1938 τει
260 1886 317 1938 δὲ
347 1889 404 1938 ἐν
442 1891 539 1959 μιᾷ
561 1889 679 1960 ὥρᾳ
708 1892 822 1944 ὁδον
857 1897 1190 1964 πεντήκοντα
1235 1897 1485 1966 χιλιάδων
1525 1900 1686 1952 ἐτῶν⁹

136 1980 237 2028 καὶ
269 1978 439 2032 ταῦτα
470 1981 640 2033 ἐποίει
669 1985 726 2034 ἐν
755 1985 928 2038 νυκτί.
958 1985 1062 2038 Καί
1088 2003 1237 2049 τινας
1268 1990 1452 2053 ἄλλους
1477 1991 1690 2062 λήρους,

135 2072 271 2138 περὶ
300 2065 374 2124 ὧν
405 2073 461 2124 ἐν
490 2073 566 2144 τῷ
598 2075 806 2144 δεκάτῳ
833 2078 1106 2146 κεφαλαίῳ
1133 2083 1268 2147 μετά
1292 2082 1462 2135 ταῦτα
1486 2084 1693 2153 εἰρήσε-

131 2178 248 2216 ται.
293 2161 356 2216 Ἦ
385 2163 440 2214 δὲ
466 2165 820 2236 Χριστιανικὴ
851 2167 1049 2230 πίστις,
1076 2170 1201 2238 περὶ
1236 2174 1483 2238 μεγάλων
1517 2175 1692 2226 ἐντελο

134 2253 361 2322 λομένη,
410 2256 502 2307 ἐπὶ
545 2246 780 2326 θαύμασι
817 2263 1064 2327 φανεροῖς
1120 2262 1214 2315 καὶ
1260 2266 1544 2332 χρησίμοις
1597 2265 1691 2333 ὅλη

132 2341 545 2412 τεθεμελίωται,
577 2347 720 2415 ἆπερ
767 2348 826 2400 οὐ
860 2350 1020 2417 μόνος
1057 2353 1352 2421 πεποίηκεν
1380 2354 1407 2404 ὁ
1441 2355 1688 2422 Χριστὸς,

132 2431 273 2483 ἀλλὰ
308 2436 403 2488 καὶ
430 2436 476 2487 οἱ
505 2435 792 2490 ἀπόστολοι
827 2439 942 2506 μετ’
972 2441 1155 2502 αὐτὸν,
1191 2443 1408 2510 προσέτι
1440 2443 1493 2494 δὲ
1525 2445 1615 2496 καὶ
1641 2445 1690 2495 ol

130 2522 468 2591 διδάσκαλοι,
507 2527 554 2578 οί
585 2528 644 2579 τὸ
690 2529 1017 2596 Εύαγγέλιον
1067 2532 1159 2582 καὶ
1192 2532 1286 2594 τὰς
1322 2533 1540 2601 Γραφας
1586 2534 1691 2584 τῶν

133 2611 454 2666 ἀποστόλων
481 2614 898 2686 ἐξηγησάμενοι.
943 2619 1051 2671 Καὶ
1081 2619 1240 2688 μέχρι
1281 2621 1384 2672 τῶν
1413 2625 1692 2690 παρόντων

134 2699 350 2769 καιρῶν
382 2701 761 2772 διαρκοῦσι,τὰ
795 2707 1066 2778 θαύματα,
1106 2710 1370 2776 δαιμόνων
1403 2711 1691 2780 ἐλαυνομέ-

132 2808 265 2857 νων,
297 2791 539 2849 ἀσθενῶν
567 2797 1036 2867 θεραπευομένων,
1063 2783 1268 2868 νεκρῶν
1298 2801 1690 2868 ἀνισταμένων.

133 2885 326 2940 Ταῦτα
359 2888 427 2940 τὰ
471 2888 722 2958 θαύματα
769 2894 819 2943 oi
859 2890 1171 2958 Χριστιανοὶ
1206 2893 1295 2942 καὶ
1338 2893 1687 2959 πεποιήκασι,

132 2980 229 3032 καὶ
254 2979 516 3047 ποιοῦσιν,
547 2982 596 3034 οί
627 2981 869 3049 λέγοντες
900 2981 988 3035 τὸν
1020 2982 1428 3051 ἐσταυρωμένον
1463 2985 1690 3051 Χριστὸν

1799 541 2172 605 composuisti,
2205 540 2286 592 vel
2331 539 2468 592 forte
2506 548 2714 594 cantas.
2754 539 2886 593 Veni
2915 539 2979 592 ad
3015 554 3110 592 nos
3139 540 3202 592 ad
3236 538 3343 590 mi-

1799 644 1898 682 nus
1933 630 1984 682 in
2020 646 2127 684 uno
2159 631 2439 692 miraculo,
2473 631 2772 697 quomodo
2805 639 2859 684 et
2891 630 2982 699 qui
3015 629 3163 698 prius
3191 628 3339 682 missi

1795 726 1938 771 sunt.
1974 717 2312 787 Respondit:
2347 717 2723 773 Subvertimu’s
2773 718 2928 787 (dixit
2979 718 3140 788 Deus)
3175 717 3339 770 urbes

1769 826 1975 864 coram
2008 827 2113 864 non
2145 811 2514 872 credentibus,
2547 823 2598 865 et
2647 822 2766 880 post
2809 813 2923 864 haec
2972 812 3065 878 qui
3124 812 3341 865 fuerunt

1793 911 1916 954 ante
1945 917 2056 964 vos,
2084 917 2190 956 non
2222 902 2590 956 crediderunt.
2619 901 2723 956 Sed
2757 916 2931 969 neque
2964 916 3060 954 vos
3091 902 3335 960 creditis,

1794 991 1899 1044 nisi
1937 1008 2030 1060 per
2062 1009 2268 1047 ensem.
2303 997 2590 1048 Asserebat
2623 1003 2823 1055 tamen,
2855 993 2999 1060 quod
3047 1008 3077 1046 a
3127 992 3236 1046 Deo
3266 991 3335 1046 ad

1790 1098 1916 1136 cum
1950 1085 2146 1138 missus
2177 1092 2260 1138 est
2285 1083 2522 1150 Gabriel,
2551 1085 2757 1138 ducens
2787 1084 2853 1138 ad
2895 1099 3025 1138 eum
3062 1083 3334 1152 quoddam

1793 1173 2013 1235 animal,
2048 1175 2222 1243 majus
2247 1173 2466 1242 quidem
2497 1174 2672 1238 asino,
2715 1175 2896 1228 minus
2935 1184 3113 1227 autem
3146 1173 3332 1236 mulo;

1791 1277 1988 1316 nomen
2019 1273 2202 1318 autem
2231 1264 2447 1317 animali
2474 1273 2591 1317 eral
2619 1264 2956 1334 Elmaparac.
2988 1263 3334 1332 Loquebatur

1789 1363 1968 1406 autem
1985 1355 2206 1416 animal,
2231 1353 2645 1422 ambulabatque
2673 1354 2727 1408 in
2761 1355 2890 1408 hora
2923 1355 3063 1407 viam
3096 1355 3336 1422 quinque

1792 1442 2017 1495 millium
2041 1459 2326 1505 annorum,
2345 1453 2399 1498 ct
2425 1445 2538 1498 hmc
2562 1443 2789 1498 faciebat
2811 1445 2863 1496 in
2889 1454 3068 1497 nocte.
3094 1442 3157 1496 Et
3178 1458 3335 1510 quas-

1791 1533 1912 1586 dam
1944 1535 2076 1588 alias
2107 1535 2333 1600 fabulas,
2378 1536 2445 1589 de
2490 1536 2691 1603 quibus
2741 1537 2795 1588 iu
2847 1534 3056 1588 decimo
3098 1534 3335 1608 capitulo
3399 1528 3403 1532 ’

1791 1632 1910 1690 post
1941 1624 2052 1680 haec
2079 1625 2305 1680 dicetur.
2337 1627 2640 1680 Christiana
2667 1636 2845 1681 autem
2871 1627 3002 1681 fides
3027 1642 3146 1695 quae
3168 1626 3337 1684 ardua

1791 1715 2052 1782 praecipit,
2084 1716 2138 1768 in
2186 1715 2463 1770 miraculis
2489 1713 2799 1770 manifestis
2846 1727 2902 1770 et
2951 1717 3176 1770 utilibus
3227 1727 3336 1770 tota

1792 1805 2011 1860 fundata
2053 1819 2155 1871 est,
2196 1823 2315 1876 quae
2361 1822 2469 1860 non
2519 1807 2692 1861 solum
2740 1807 2868 1861 fecit
2917 1805 3183 1870 Christus,
3243 1807 3335 1858 sed

1792 1897 1953 1950 etiam
1982 1898 2210 1967 apostoli
2252 1907 2371 1968 post
2402 1913 2550 1963 eum,
2585 1906 2846 1968 prtetcrca
2875 1907 2929 1951 et
2965 1898 3207 1967 magistri
3242 1899 3334 1966 qui

1792 1989 2139 2060 Evangelium
2187 2001 2242 2046 et
2294 1990 2604 2059 Scripturas
2652 1990 3019 2059 apostolorum
3070 2004 3338 2057 exposue-

1793 2090 1938 2144 runt,
1967 2091 2022 2136 et
2056 2097 2226 2151 usque
2259 2081 2324 2135 ad
2362 2082 2646 2150 prazsentia
2680 2084 2922 2150 tempora
2947 2081 3144 2133 durant
3173 2081 3336 2132 mira-

1791 2172 1930 2235 cula,
1971 2172 2359 2226 daemoniorum
2388 2187 2509 2242 qua!
2536 2172 2908 2240 expelluntur,
2953 2169 3212 2223 debilium
3244 2169 3338 2237 qui

1791 2268 2071 2324 curantur,
2103 2270 2157 2313 et
2187 2268 2524 2314 mortuorum
2549 2259 2640 2331 qui
2667 2269 2976 2326 resurgunt.
3007 2259 3127 2311 "th
3155 2266 3338 2310 autem

1792 2349 2048 2404 miracula
2082 2348 2378 2405 Christiani
2429 2349 2677 2404 fecerunt
2723 2359 2779 2404 et
2831 2349 3058 2409 faciunt,
3094 2347 3338 2401 dicentes

1791 2433 2066 2498 Christum
2095 2441 2412 2496 crucifixum
2436 2451 2490 2497 et
2514 2457 2700 2496 verum
2725 2433 2968 2496 ctsolum
3001 2441 3164 2492 Deum
3192 2451 3336 2492 esse.

1792 2528 1919 2595 Quae
1944 2533 1987 2584 si
2021 2532 2205 2586 dicant
2232 2532 2484 2586 Saraceni
2526 2547 2633 2586 non
2667 2532 2910 2595 credere,
2945 2540 3196 2602 tanquam
3227 2533 3340 2587 hac

1793 2638 1898 2676 nou
1947 2623 2089 2677 facta
2137 2624 2268 2685 sint,
2319 2624 2600 2677 ostendam
2652 2623 2733 2678 eis
2770 2625 2946 2693 majus
2995 2624 3338 2678 miraculum.

1795 2713 2136 2768 Manifestum
2169 2715 2336 2780 enim,
2365 2714 2510 2784 quod
2543 2724 2668 2769 ante
2709 2712 2987 2769 Christum
3035 2726 3181 2770 totus
3225 2715 3340 2770 fere

1793 2786 2033 2857 mundus
2056 2804 2218 2857 idolis
2260 2803 2521 2858 honorem
2565 2802 2856 2866 tribuebat,
2892 2803 3122 2857 maxime
3156 2811 3339 2856 autem

1794 2893 2040 2955 Romani,
2073 2893 2163 2960 qui
2197 2891 2380 2945 mundi
2412 2891 2779 2946 monarchiam
2807 2891 3066 2946 tenebant
3095 2909 3110 2958 ;
3146 2891 3239 2946 sed
3279 2891 3338 2946 hi

1792 2982 2226 3037 Christianorum
2278 2981 2439 3035 fidem
2483 2993 2856 3052 susceperunt,
2910 2991 2966 3036 et
3009 2998 3115 3037 non
3161 2983 3338 3038 solum

131 3071 312 3140 ἀληθῆ
359 3073 454 3126 καὶ
508 3071 665 3142 μόνον
712 3069 850 3128 εἶναι
893 3073 1064 3127 θεόν·
1108 3075 1250 3142 ἅπερ
1296 3077 1343 3127 εί
1391 3075 1596 3142 λέγοιεν
1642 3076 1689 3129 oi

1792 3073 2145 3128 crediderunt
2167 3089 2353 3127 verum
2372 3074 2539 3128 Deum
2562 3065 2678 3130 esse
2698 3074 2971 3129 Christum
2995 3073 3334 3140 crucifixum,

131 3163 484 3233 Σαρρακηνοὶ
514 3166 588 3234 μὴ
618 3166 915 3230 πιστεύειν,
950 3167 1022 3228 ὼς
1059 3167 1131 3234 μὴ
1166 3167 1496 3234 γενομένοις,
1525 3167 1690 3231 δείξο-

133 3271 235 3322 μεν
264 3255 448 3318 αὐτοῖς
484 3257 666 3324 μεῖζον
701 3256 902 3325 θαῦμα.
933 3256 1167 3324 Φανερδν
1204 3256 1308 3323 γὰρ
1335 3256 1408 3317 ὼς
1450 3256 1555 3324 πρὸ
1595 3256 1685 3310 τοῦ

129 3347 372 3417 Χριστοῦ
420 3348 600 3417 σχεδὸν
643 3349 762 3412 δλος
794 3351 821 3402 ὁ
870 3349 1068 3415 κόσμος
1106 3351 1216 3411 τοῖς
1256 3346 1491 3410 εἰδώλοις
1525 3346 1689 3410 σέϐας

130 3439 443 3506 ἀπένεμον⁸
477 3439 708 3506 μάλιστα
733 3439 789 3492 δὲ
821 3441 867 3492 oi
906 3441 1188 3511 Ῥωμαῖοι,
1219 3441 1264 3493 οἱ
1297 3440 1394 3509 τὴν
1421 3439 1689 3508 κοσμικὴν

129 3528 347 3597 ἔχοντες
389 3529 704 3599 μοναρχίαν.
747 3529 884 3583 Ἀλλ’
918 3523 1060 3584 οὗτοι
1088 3530 1184 3599 τὴν
1216 3529 1321 3582 τῶν
1352 3528 1688 3600 Χριστιανῶν

131 3617 384 3682 ἐδέξαντο
412 3620 612 3685 πίστιν,
635 3622 728 3674 καὶ
753 3622 813 3674 ού
837 3621 993 3690 μόνον
1015 3621 1336 3672 ἐπίστευσαν
1365 3619 1536 3687 ἁληθῆ
1561 3618 1690 3670 Θεὸν

132 3707 276 3764 εἶναι
301 3712 391 3764 τὸν
417 3695 1109 3780 ἐσταυρωμένονΧριστὸν,
1139 3711 1271 3764 ἀλλὰ
1296 3711 1397 3762 ικαὶ
1426 3711 1691 3762 κατέπτυ-

136 3813 234 3850 σεν
262 3799 477 3852 πάντων
500 3799 604 3851 τῶν
632 3797 802 3849 ἄλλων
827 3797 985 3860 θεῶν,
1011 3797 1167 3865 οἷπερ
1188 3798 1279 3849 ἐπὶ
1299 3796 1546 3850 τοσοῦτον
1568 3798 1691 3866 χρό-

135 3903 222 3939 νον
243 3888 526 3957 χρησμοὺς
553 3887 734 3949 αὐτοῖς
755 3887 842 3940 διὰ
870 3887 975 3940 τῶν
996 3886 1223 3940 εἰδώλων
1251 3886 1506 3940 ἐδίδοσαν.
1540 3887 1686 3954 Βαρὺ

129 3977 186 4030 δὲ
209 3977 365 4030 οὐδὲν
382 3978 560 4040 αὐτοῖς
582 3977 790 4031 ἐπετὶθε
801 3995 897 4031 σαν
916 3981 1013 4048 τῆς
1032 3977 1413 4048 Χριστιανικῆς
1436 3978 1686 4040 πίστεως,

129 4069 304 4132 οὕτως
343 4070 524 4138 ἀήθων
561 4072 650 4136 καὶ
687 4071 933 4140 μεγάλων
972 4071 1315 4124 ἐπιτιθέντων
1351 4070 1423 4138 τῷ
1468 4071 1686 4139 κόσμῳ·

130 4156 244 4211 οἷον
274 4164 631 4229 καταφρονεῖν
658 4162 884 4230 κόσμου,
914 4164 1268 4230 καταφρονεῖν
1308 4162 1517 4225 ἑαυτοῦ,
1553 4163 1689 4228 ἁγα-

131 4252 240 4322 πᾷν
283 4255 409 4313 τοὺς
449 4253 690 4322 ἐχθροὺς,
740 4252 989 4322 εὔχεσθαι
1032 4254 1168 4320 ὑπὲρ
1199 4254 1303 4303 τῶν
1348 4254 1686 4316 διωκόντων,

128 4342 439 4407 εὐεργετεῖν
470 4341 593 4401 τοὺς
631 4340 1075 4403 κακοποιοῦντας,
1108 4343 1172 4392 τα
1203 4341 1454 4409 ἀλλότρια
1488 4342 1559 4410 μὴ
1586 4342 1683 4409 ἁρ-

128 4431 347 4494 πάζειν,
381 4431 448 4482 τὰ
481 4430 587 4483 ῖδια
629 4429 965 4500 χαρίζεσθαι.
994 4429 1174 4482 Ταῦτα
1210 4431 1382 4482 πάντα
1417 4431 1442 4480 ὁ
1487 4428 1682 4496 κόσμος

130 4523 236 4582 πᾶς
253 4519 630 4589 προσεδέξατο,
657 4521 751 4590 τὴν
771 4521 1034 4590 προτέραν
1049 4521 1197 4585 τάξιν
1216 4520 1642 4588 ἀποϐαλλομένος
1666 4536 1677 4550 ο

129 4613 160 4678 ἢ
189 4611 375 4663 τοίνυν
408 4609 475 4663 δι’
500 4611 696 4664 ἱκανῶν
721 4611 1010 4678 θαυμάτων
1041 4611 1296 4672 πεισθεὶς,
1329 4612 1358 4680 ἦ
1391 4611 1680 4680 θαυμάτων

129 4699 318 4768 χωρίς.
345 4700 543 4764 Μεῖζον
568 4701 622 4752 δέ
654 4703 768 4753 ἐστι
802 4702 985 4771 θαῦμα
1021 4703 1101 4754 ὅτι
1133 4703 1226 4753 καὶ
1264 4702 1552 4768 θαυμάτων
1576 4721 1680 4768 χω-

129 4793 214 4860 ρὶς
255 4788 323 4841 δι’
372 4789 670 4858 ἀνθρώπων
725 4791 944 4844 ἰδιωτῶν
980 4795 1071 4844 καὶ
1119 4792 1355 4844 ἀσθενῶν
1404 4792 1682 4860 δεδύνηται

124 4881 286 4935 τοῦτο
306 4882 576 4948 γενέσθαι.
605 4882 710 4933 Καὶ
741 4883 880 4934 τοῦτ’
907 4882 1161 4948 ἐποίησαν
1186 4883 1233 4932 οἱ
1256 4885 1566 4950 Χριστιανοὶ
1586 4885 1706 4935 οὐκ.

126 4973 319 5036 ἄλλους
351 4971 685 5043 φονεύοντες,
709 4971 841 5023 ἀλλὰ
871 4971 960 5023 τὸν
982 4970 1107 5042 παρ’
1133 4972 1303 5024 ἄλλων
1335 4973 1520 5031 αὐτοῖς
1545 4974 1677 5023 ἐπαο

1791 3161 1884 3216 sed
1915 3170 1969 3217 et
1998 3171 2323 3232 rcSpuerunt
2348 3178 2536 3218 omnes
2565 3164 2703 3219 alios
2726 3164 2875 3227 deos,
2901 3165 3170 3234 qui.tanto
3197 3173 3336 3221 tem-

1788 3266 1918 3318 pore
1954 3267 2207 3321 reaponsa
2231 3253 2312 3306 eis
2339 3269 2434 3322 per
2464 3253 2607 3306 idola
2631 3253 2917 3308 dederunt.
2951 3255 3124 3310 Grave
3155 3267 3336 3310 autem

1789 3339 1924 3392 nihil
1966 3339 2362 3407 imposuerunt,
2387 3355 2510 3393 cum
2541 3339 2851 3394 Christiana
2877 3341 3010 3395 ﬁdes
3033 3344 3108 3395 sic
3143 3342 3335 3397 desue-

1789 3437 1841 3482 ta
1875 3438 1928 3482 et
1961 3431 2128 3484 ardua
2157 3429 2360 3484 mundo
2395 3430 2763 3500 imposuisset,
2794 3431 2936 3501 sicut
2981 3440 3335 3487 contemnere

1790 3522 2072 3585 mundum,
2120 3531 2471 3578 contemnere
2518 3523 2778 3593 seipsum,
2833 3539 3014 3579 amare
3067 3523 3336 3589 inimicos,

1789 3627 1944 3666 orare
1973 3629 2069 3680 pro
2091 3612 2570 3682 persequentibus,
2603 3614 2922 3670 benefacere
2951 3615 3339 3673 malefacienti—

1789 3702 1914 3765 bus,
1945 3704 2117 3758 aliena
2149 3720 2257 3757 non
2302 3719 2514 3773 rapere,
2549 3707 2765 3775 propria
2807 3707 3033 3763 donare.
3068 3708 3190 3762 ΙΙωο
3216 3722 3338 3762 om-

1789 3793 1876 3852 nia
1926 3792 2162 3846 mundus
2211 3793 2470 3862 suscepit,
2509 3794 2672 3847 ritum
2722 3794 3010 3862 pristinum
3056 3794 3331 3863 abjiciens.

1791 3883 1882 3938 Vel
1917 3883 2080 3950 igitur
2127 3883 2519 3939 sufﬁcientibus
2570 3886 2844 3940 miraculis
2896 3901 3186 3955 persuasus
3229 3895 3332 3949 cst,

1789 3973 1872 4028 vel
1901 3973 2104 4043 absque
2133 3975 2430 4029 miraculis.
2465 3976 2634 4044 Maius
2665 3987 2844 4030 autem
2876 3987 2956 4030 est
2989 3978 3331 4040 miraculum,

1790 4075 1843 4118 et
1876 4066 2081 4133 absque
2113 4067 2394 4120 miraculis
2427 4082 2520 4135 per
2551 4056 3025 4122 homines-idiotas
3048 4080 3102 4122 et
3132 4070 3338 4138 simpli-

1789 4169 1879 4208 ces
1915 4155 2151 4223 potuisse
2187 4156 2288 4209 hoc
2319 4156 2455 4210 fieri.
2491 4157 2557 4210 Et
2586 4157 2690 4210 hoc
2734 4156 2978 4212 fecerunt
3010 4157 3334 4234 Christiani,

1791 4259 1898 4297 non
1943 4245 2078 4299 alios
2125 4245 2522 4308 interimcutes,
2571 4249 2665 4304 sed
2721 4249 2788 4303 ab
2836 4249 2956 4302 aliis
3001 4250 3081 4304 eis
3134 4251 3334 4303 illatam

1792 4344 2015 4386 mortem
2054 4338 2319 4403 patienter
2369 4339 2720 4392 sustinentes.
2775 4339 3117 4394 Manifestum
3169 4342 3333 4408 igitur

1790 4422 2044 4474 omnibus
2080 4423 2256 4476 modis
2297 4423 2729 4480 Christianorum
2775 4427 2934 4481 fidem
2971 4429 3025 4489 in
3063 4428 3336 4481 miraculis

1789 4511 2073 4577 stupendis
2107 4513 2380 4566 fundatam
2421 4529 2584 4569 esse:
2629 4515 2916 4572 Mahumeti
2953 4522 3133 4570 a’utcm
3176 4517 3333 4571 fidem

1787 4602 1936 4654 nullo
1964 4604 2248 4656 miraculo.
2285 4605 2432 4659 Talis
2459 4606 2603 4658 enim
2631 4615 2733 4668 est,
2769 4608 2945 4675 qualis
2973 4622 3144 4675 neque
3176 4607 3334 4660 mira-

1785 4694 1922 4748 culis
1954 4695 2225 4764 indigeat;
2259 4697 2486 4750 maxime
2509 4705 2690 4750 autem
2719 4699 2785 4752 ad
2811 4700 3129 4764 Saracenos,
3159 4699 3335 4753 homi-

1782 4787 2126 4838 nescaruales
2144 4793 2196 4838 et
2213 4786 2512 4840 mundanos
2535 4788 3122 4857 :prudentioresautcm
3139 4792 3335 4843 horum

1787 4887 1844 4930 ct
1873 4878 2177 4928 litterarum
2214 4877 2462 4945 peritiam
2509 4877 2792 4949 habentes,
2839 4891 2892 4933 et
2933 4880 3190 4933 virtutem
3233 4879 3335 4932 viri

1787 4967 1886 5021 sibi
1931 4968 2302 5029 vendicantes,
2341 4969 2536 5021 nullam
2575 4971 2702 5025 huic
2729 4971 2886 5025 fidem
2924 4972 3202 5026 adhibent.

127 5064 358 5133 γόμενον
393 5065 615 5118 θάνατον
653 5061 1004 5132 ὑπημένοντες
1036 5063 1419 5131 μακροθύμως.
1447 5062 1676 5128 Φανερὸν
1715 5059 1891 5112 τοίνυν
1924 5061 2090 5110 ἅπασι
2122 5060 2339 5127 τρόποις
2367 5059 2584 5128 τὴντῶν
2646 5063 2980 5131 Χριστιανῶν
3051 5066 3230 5117 πίστιν
3247 5066 3337 5119 ἐπὶ

128 5155 403 5224 θαύμασιν
433 5156 683 5221 ἐξαισίοις
729 5155 971 5224 ἱδρύσθαι
996 5169 1008 5183 ·
1043 5157 1138 5222 τὴν
1171 5155 1225 5206 δὲ
1265 5155 1352 5206 τοῦ
1387 5154 1680 5222 Μαχούμετ
1720 5153 1889 5203 οὐδενὶ
1917 5150 2150 5215 θαύματι
2178 5150 2505 5219 βοηθεῖσθαι.
2559 5153 2790 5221 Τοιαύτη
2855 5156 2961 5222 γὰρ
2983 5150 3068 5225 ἦν,
3097 5157 3181 5208 οἵα
3206 5157 3338 5226 μηδὲ

131 5242 412 5313 θαύματος
445 5247 666 5309 δεῖσθαι,
701 5247 933 5315 μάλιστα
966 5247 1057 5296 καὶ
1091 5245 1224 5311 πρὸς
1270 5244 1561 5312 σαρκικοὺς
1597 5243 1912 5311 ἀνθρώπους
1956 5243 2050 5294 καὶ
2117 5244 2432 5308 κωμικούς.
2501 5244 2562 5294 Ui
2604 5244 2657 5294 δὲ
2724 5244 3071 5313 συνετώτεροι
3100 5248 3337 5314 τούτων,

130 5339 225 5394 καὶ
245 5338 585 5408 γραμμάτων
602 5324 811 5407 ἔχοντες
829 5340 1039 5406 πεῖραν,
1062 5337 1149 5388 καὶ
1171 5337 1367 5405 ἀρετῆς
1384 5337 1809 5390 ἀντιποιούμενοι
1845 5333 2050 5401 ἄιδρες,
2083 5335 2338 5402 οὐδεμίαν
2373 5333 2541 5404 ταύτῃ
2567 5329 2790 5399 νέμουσι
2819 5336 3021 5390 πίστιν.

201 5485 285 5542 Η’.
325 5486 454 5539 Ὅτι
482 5487 515 5539 ὀ
546 5484 651 5538 τοῦ
678 5485 928 5552 Μωάμεθ
960 5487 1144 5554 νόμος
1172 5484 1390 5552 ἄλογός
1422 5484 1607 5536 ἐστιν.

206 5597 765 5666 Ὀγδοονθεωρὴτέον
804 5597 867 5648 ἂν
903 5599 984 5665 εἴη
1007 5637 1020 5657 ,
1051 5599 1130 5649 ὅτι
1159 5596 1251 5646 καὶ
1282 5595 1445 5661 χωρὶς
1489 5593 1686 5656 παντὸς

134 5688 408 5749 Θαύματος
447 5685 671 5739 δυνατὸν
719 5686 783 5737 ἂν
820 5682 905 5749 ἦν,
946 5688 1034 5740 τον
1074 5684 1162 5738 τοῦ
1200 5684 1494 5752 Naxo-5:451
1529 5683 1690 5752 νόμον

1951 5477 2083 5530 Vlll.
2129 5477 2275 5540 Quod
2303 5477 2383 5528 (tu:
2410 5476 2686 5530 Maltometi
2721 5478 3045 5532 irrationalis
3083 5489 3178 5531 est.

1862 5593 2062 5647 Octavo
2091 5591 2544 5645 considerandum
2579 5601 2659 5647 est
2690 5594 2832 5660 quod
2866 5604 2918 5647 ct
2951 5594 3156 5662 absque
3189 5595 3337 5648 omni

1800 5683 2058 5737 miraculo
2085 5681 2339 5751 possibile
2378 5695 2518 5738 esset
2549 5684 2831 5742 Malun'icti
2862 5687 3030 5753 legem
3076 5704 3102 5741 a
3138 5686 3338 5742 mundo
