  <div class='ocr_page' id='page_1' title='image "/cluster/home/n/w/nwhite01/storage/ocr_20150623/154/pst.000005714742/632.png"; bbox 0 0 4166 6330; ppageno 0'>
   <div class='ocr_carea' id='block_1_1' title="bbox 207 361 345 426">
    <p class='ocr_par' dir='ltr' id='par_1_1' title="bbox 207 361 345 426">
     <span class='ocr_line' id='line_1_1' title="bbox 207 361 345 426; baseline 0.007 -1"><span class='ocrx_word' id='word_1_1' title='bbox 207 361 345 426; x_wconf 83' lang='lat'><strong>1077</strong></span> 
     </span>
    </p>
   </div>
   <div class='ocr_carea' id='block_1_2' title="bbox 1388 370 2229 433">
    <p class='ocr_par' dir='ltr' id='par_1_2' title="bbox 1388 370 2229 433">
     <span class='ocr_line' id='line_1_2' title="bbox 1388 370 2229 433; baseline 0.004 -3"><span class='ocrx_word' id='word_1_2' title='bbox 1388 370 1682 430; x_wconf 62' lang='lat' dir='ltr'><strong>CONTRA</strong></span> <span class='ocrx_word' id='word_1_3' title='bbox 1725 371 2229 433; x_wconf 62' lang='lat' dir='ltr'><strong>MAHUMETE“.</strong></span> 
     </span>
    </p>
   </div>
   <div class='ocr_carea' id='block_1_3' title="bbox 3281 370 3419 435">
    <p class='ocr_par' dir='ltr' id='par_1_3' title="bbox 3281 370 3419 435">
     <span class='ocr_line' id='line_1_3' title="bbox 3281 370 3419 435; baseline -0.014 0"><span class='ocrx_word' id='word_1_4' title='bbox 3281 370 3419 435; x_wconf 73' lang='lat'><strong>1078</strong></span> 
     </span>
    </p>
   </div>
   <div class='ocr_carea' id='block_1_4' title="bbox 200 475 1758 556">
    <p class='ocr_par' dir='ltr' id='par_1_4' title="bbox 200 475 1758 550">
     <span class='ocr_line' id='line_1_4' title="bbox 200 475 1758 550; baseline 0.003 -21"><span class='ocrx_word' id='word_1_5' title='bbox 200 475 481 540; x_wconf 76' lang='grc' dir='ltr'><strong>ἐξέκλιναν</strong></span> <span class='ocrx_word' id='word_1_6' title='bbox 517 476 573 530; x_wconf 78' lang='grc' dir='ltr'>αἱ</span> <span class='ocrx_word' id='word_1_7' title='bbox 604 477 817 546; x_wconf 78' lang='grc' dir='ltr'>καρδίαι</span> <span class='ocrx_word' id='word_1_8' title='bbox 847 479 1019 549; x_wconf 84' lang='grc' dir='ltr'>ὑμῶν,</span> <span class='ocrx_word' id='word_1_9' title='bbox 1056 479 1182 549; x_wconf 78' lang='grc' dir='ltr'>περὶ</span> <span class='ocrx_word' id='word_1_10' title='bbox 1207 480 1302 547; x_wconf 79' lang='grc' dir='ltr'>τῆς</span> <span class='ocrx_word' id='word_1_11' title='bbox 1323 483 1655 550; x_wconf 70' lang='grc' dir='ltr'><strong>κατηγορίας</strong></span> <span class='ocrx_word' id='word_1_12' title='bbox 1676 481 1758 533; x_wconf 83' lang='grc' dir='ltr'><strong>λέ-</strong></span> 
     </span>
    </p>
   </div>
   <div class='ocr_carea' id='block_1_5' title="bbox 1862 475 3421 556">
    <p class='ocr_par' dir='ltr' id='par_1_5' title="bbox 1869 483 3421 556">
     <span class='ocr_line' id='line_1_5' title="bbox 1869 483 3421 556; baseline 0.003 -21"><span class='ocrx_word' id='word_1_13' title='bbox 1869 494 2061 539; x_wconf 85' lang='lat' dir='ltr'><strong>verunt</strong></span> <span class='ocrx_word' id='word_1_14' title='bbox 2092 483 2255 538; x_wconf 88' lang='lat' dir='ltr'><strong>corda</strong></span> <span class='ocrx_word' id='word_1_15' title='bbox 2295 493 2474 537; x_wconf 79' lang='lat' dir='ltr'><strong>vestra</strong></span> <span class='ocrx_word' id='word_1_16' title='bbox 2505 503 2517 548; x_wconf 89' lang='lat'><strong>;</strong></span> <span class='ocrx_word' id='word_1_17' title='bbox 2571 486 2637 538; x_wconf 85' lang='lat' dir='ltr'><strong>de</strong></span> <span class='ocrx_word' id='word_1_18' title='bbox 2688 486 3033 539; x_wconf 87' lang='lat' dir='ltr'><strong>accusatione</strong></span> <span class='ocrx_word' id='word_1_19' title='bbox 3066 486 3277 548; x_wconf 85' lang='lat' dir='ltr'><strong>dicens,</strong></span> <span class='ocrx_word' id='word_1_20' title='bbox 3311 503 3421 556; x_wconf 84' lang='lat' dir='ltr'><strong>qua</strong></span> 
     </span>
    </p>
   </div>
   <div class='ocr_carea' id='block_1_6' title="bbox 196 561 1763 641">
    <p class='ocr_par' dir='ltr' id='par_1_6' title="bbox 196 561 1763 641">
     <span class='ocr_line' id='line_1_6' title="bbox 196 561 1763 641; baseline 0.001 -22"><span class='ocrx_word' id='word_1_21' title='bbox 196 583 337 633; x_wconf 84' lang='grc' dir='ltr'>γων,</span> <span class='ocrx_word' id='word_1_22' title='bbox 376 561 442 638; x_wconf 82' lang='grc' dir='ltr'>ἦς</span> <span class='ocrx_word' id='word_1_23' title='bbox 473 567 852 638; x_wconf 83' lang='grc' dir='ltr'>κατηγόρησαν</span> <span class='ocrx_word' id='word_1_24' title='bbox 884 568 1046 621; x_wconf 81' lang='grc' dir='ltr'>αύτοῦ</span> <span class='ocrx_word' id='word_1_25' title='bbox 1089 570 1180 621; x_wconf 75' lang='grc' dir='ltr'><strong>ἐπὶ</strong></span> <span class='ocrx_word' id='word_1_26' title='bbox 1220 569 1298 637; x_wconf 84' lang='grc' dir='ltr'>τῷ</span> <span class='ocrx_word' id='word_1_27' title='bbox 1328 570 1551 641; x_wconf 78' lang='grc' dir='ltr'>ἀθέσμῳ</span> <span class='ocrx_word' id='word_1_28' title='bbox 1584 572 1763 641; x_wconf 74' lang='grc' dir='ltr'>γάμῳ.</span> 
     </span>
    </p>
   </div>
   <div class='ocr_carea' id='block_1_7' title="bbox 198 655 1767 732">
    <p class='ocr_par' dir='ltr' id='par_1_7' title="bbox 198 655 1767 732">
     <span class='ocr_line' id='line_1_7' title="bbox 198 655 1767 732; baseline 0.004 -24"><span class='ocrx_word' id='word_1_29' title='bbox 198 655 434 709; x_wconf 80' lang='grc' dir='ltr'>Ἐπεταί</span> <span class='ocrx_word' id='word_1_30' title='bbox 471 673 531 709; x_wconf 83' lang='grc' dir='ltr'><strong>τε</strong></span> <span class='ocrx_word' id='word_1_31' title='bbox 572 658 769 728; x_wconf 75' lang='grc' dir='ltr'>ἑφεξῆς</span> <span class='ocrx_word' id='word_1_32' title='bbox 791 675 805 689; x_wconf 80' lang='grc'><strong><em>⁸</em></strong></span> <span class='ocrx_word' id='word_1_33' title='bbox 840 661 900 712; x_wconf 83' lang='grc' dir='ltr'>Εἰ</span> <span class='ocrx_word' id='word_1_34' title='bbox 940 661 1097 728; x_wconf 75' lang='grc' dir='ltr'>ὑμᾶς,</span> <span class='ocrx_word' id='word_1_35' title='bbox 1132 660 1404 723; x_wconf 64' lang='grc' dir='ltr'>ἐκϐάλλει,</span> <span class='ocrx_word' id='word_1_36' title='bbox 1439 661 1594 715; x_wconf 78' lang='grc' dir='ltr'>δώσω</span> <span class='ocrx_word' id='word_1_37' title='bbox 1620 662 1767 732; x_wconf 78' lang='grc' dir='ltr'>αύτῷ</span> 
     </span>
    </p>
   </div>
   <div class='ocr_carea' id='block_1_8' title="bbox 195 746 1766 820">
    <p class='ocr_par' dir='ltr' id='par_1_8' title="bbox 195 746 1766 820">
     <span class='ocr_line' id='line_1_8' title="bbox 195 746 1766 820; baseline 0.004 -22"><span class='ocrx_word' id='word_1_38' title='bbox 195 746 320 798; x_wconf 80' lang='grc' dir='ltr'>ἀνθ’</span> <span class='ocrx_word' id='word_1_39' title='bbox 342 746 493 815; x_wconf 78' lang='grc' dir='ltr'>ὑμῶν</span> <span class='ocrx_word' id='word_1_40' title='bbox 519 747 752 816; x_wconf 79' lang='grc' dir='ltr'><strong>βελτίους</strong></span> <span class='ocrx_word' id='word_1_41' title='bbox 778 749 807 802; x_wconf 92' lang='lat'><strong>6</strong></span> <span class='ocrx_word' id='word_1_42' title='bbox 816 749 933 820; x_wconf 50' lang='grc' dir='ltr'>μιῶν</span> <span class='ocrx_word' id='word_1_43' title='bbox 958 750 1336 819; x_wconf 70' lang='grc' dir='ltr'>Σαρρακηνας,</span> <span class='ocrx_word' id='word_1_44' title='bbox 1360 752 1583 815; x_wconf 73' lang='grc' dir='ltr'>πιστᾶς,</span> <span class='ocrx_word' id='word_1_45' title='bbox 1604 754 1766 804; x_wconf 78' lang='grc' dir='ltr'>πλου-</span> 
     </span>
    </p>
   </div>
   <div class='ocr_carea' id='block_1_9' title="bbox 180 838 1767 914">
    <p class='ocr_par' dir='ltr' id='par_1_9' title="bbox 180 838 1767 914">
     <span class='ocr_line' id='line_1_9' title="bbox 180 838 1767 914; baseline 0.003 -24"><span class='ocrx_word' id='word_1_46' title='bbox 180 838 345 903; x_wconf 54' lang='grc' dir='ltr'>σίας,</span> <span class='ocrx_word' id='word_1_47' title='bbox 379 839 758 908; x_wconf 81' lang='grc' dir='ltr'>μετανοούσας,</span> <span class='ocrx_word' id='word_1_48' title='bbox 779 840 1217 909; x_wconf 71' lang='grc' dir='ltr'>προσκυνοῦσας,’</span> <span class='ocrx_word' id='word_1_49' title='bbox 1238 843 1387 895; x_wconf 85' lang='grc' dir='ltr'>αίνού</span> <span class='ocrx_word' id='word_1_50' title='bbox 1399 860 1517 906; x_wconf 81' lang='grc' dir='ltr'>σας,</span> <span class='ocrx_word' id='word_1_51' title='bbox 1544 845 1767 914; x_wconf 75' lang='grc' dir='ltr'>εὐκινή-</span> 
     </span>
    </p>
   </div>
   <div class='ocr_carea' id='block_1_10' title="bbox 192 917 1766 996">
    <p class='ocr_par' dir='ltr' id='par_1_10' title="bbox 192 917 1766 996">
     <span class='ocr_line' id='line_1_10' title="bbox 192 917 1766 996; baseline 0.005 -18"><span class='ocrx_word' id='word_1_52' title='bbox 192 941 343 989; x_wconf 79' lang='grc' dir='ltr'>τους,</span> <span class='ocrx_word' id='word_1_53' title='bbox 370 928 464 980; x_wconf 80' lang='grc' dir='ltr'>καὶ</span> <span class='ocrx_word' id='word_1_54' title='bbox 489 917 811 996; x_wconf 76' lang='grc' dir='ltr'>παρθένους.</span> <span class='ocrx_word' id='word_1_55' title='bbox 838 931 902 982; x_wconf 88' lang='grc' dir='ltr'><strong>Ὃ</strong></span> <span class='ocrx_word' id='word_1_56' title='bbox 933 929 1232 983; x_wconf 70' lang='grc' dir='ltr'>ἀκούσασαι</span> <span class='ocrx_word' id='word_1_57' title='bbox 1260 926 1433 995; x_wconf 86' lang='grc' dir='ltr'>εἷπον,</span> <span class='ocrx_word' id='word_1_58' title='bbox 1462 932 1766 986; x_wconf 82' lang='grc' dir='ltr'>Μετανοοῦ-</span> 
     </span>
    </p>
   </div>
   <div class='ocr_carea' id='block_1_11' title="bbox 197 1014 1766 1091">
    <p class='ocr_par' dir='ltr' id='par_1_11' title="bbox 197 1014 1766 1091">
     <span class='ocr_line' id='line_1_11' title="bbox 197 1014 1766 1091; baseline 0.006 -24"><span class='ocrx_word' id='word_1_59' title='bbox 197 1032 328 1082; x_wconf 83' lang='grc' dir='ltr'>μεν.</span> <span class='ocrx_word' id='word_1_60' title='bbox 351 1017 423 1069; x_wconf 85' lang='grc' dir='ltr'>Τὸ</span> <span class='ocrx_word' id='word_1_61' title='bbox 450 1014 501 1070; x_wconf 78' lang='grc' dir='ltr'>δ’</span> <span class='ocrx_word' id='word_1_62' title='bbox 523 1019 707 1085; x_wconf 81' lang='grc' dir='ltr'>ὅμοιον</span> <span class='ocrx_word' id='word_1_63' title='bbox 736 1020 1053 1090; x_wconf 81' lang='grc' dir='ltr'>πεποίηκεν,</span> <span class='ocrx_word' id='word_1_64' title='bbox 1087 1022 1173 1072; x_wconf 81' lang='grc' dir='ltr'>ὅτε</span> <span class='ocrx_word' id='word_1_65' title='bbox 1207 1021 1364 1074; x_wconf 77' lang='grc' dir='ltr'>ἔλαϐε</span> <span class='ocrx_word' id='word_1_66' title='bbox 1403 1022 1502 1091; x_wconf 77' lang='grc' dir='ltr'>τὴν</span> <span class='ocrx_word' id='word_1_67' title='bbox 1531 1023 1766 1089; x_wconf 73' lang='grc' dir='ltr'>γυναῖκα</span> 
     </span>
    </p>
   </div>
   <div class='ocr_carea' id='block_1_12' title="bbox 196 1104 1763 1181">
    <p class='ocr_par' dir='ltr' id='par_1_12' title="bbox 196 1104 1763 1181">
     <span class='ocr_line' id='line_1_12' title="bbox 196 1104 1763 1181; baseline 0.003 -22"><span class='ocrx_word' id='word_1_68' title='bbox 196 1104 330 1159; x_wconf 77' lang='grc' dir='ltr'>Ζεῒθ</span> <span class='ocrx_word' id='word_1_69' title='bbox 373 1107 468 1158; x_wconf 80' lang='grc' dir='ltr'>τοῦ</span> <span class='ocrx_word' id='word_1_70' title='bbox 498 1109 743 1176; x_wconf 84' lang='grc' dir='ltr'>τροφέως</span> <span class='ocrx_word' id='word_1_71' title='bbox 783 1110 965 1163; x_wconf 77' lang='grc' dir='ltr'>αὑτοῦ.</span> <span class='ocrx_word' id='word_1_72' title='bbox 1000 1106 1133 1162; x_wconf 80' lang='grc' dir='ltr'>Εἷπε</span> <span class='ocrx_word' id='word_1_73' title='bbox 1173 1111 1362 1164; x_wconf 71' lang='grc' dir='ltr'>δὲ-ὲπὶ</span> <span class='ocrx_word' id='word_1_74' title='bbox 1399 1111 1557 1166; x_wconf 82' lang='grc' dir='ltr'>τοῦτο</span> <span class='ocrx_word' id='word_1_75' title='bbox 1586 1114 1763 1181; x_wconf 68' lang='grc' dir='ltr'>ψῆιρον</span> 
     </span>
    </p>
   </div>
   <div class='ocr_carea' id='block_1_13' title="bbox 194 1194 1765 1272">
    <p class='ocr_par' dir='ltr' id='par_1_13' title="bbox 194 1194 1765 1272">
     <span class='ocr_line' id='line_1_13' title="bbox 194 1194 1765 1272; baseline 0.006 -26"><span class='ocrx_word' id='word_1_76' title='bbox 194 1194 382 1272; x_wconf 48' lang='grc' dir='ltr'><strong>ἐνΑτῷ</strong></span> <span class='ocrx_word' id='word_1_77' title='bbox 422 1197 699 1266; x_wconf 77' lang='grc' dir='ltr'><strong>κεφαλαίῳ</strong></span> <span class='ocrx_word' id='word_1_78' title='bbox 735 1198 830 1251; x_wconf 75' lang='grc' dir='ltr'>τοῦ</span> <span class='ocrx_word' id='word_1_79' title='bbox 886 1200 1129 1263; x_wconf 75' lang='grc' dir='ltr'>Ἐλαζὲϐ,</span> <span class='ocrx_word' id='word_1_80' title='bbox 1175 1201 1258 1253; x_wconf 85' lang='grc' dir='ltr'>ὅτι</span> <span class='ocrx_word' id='word_1_81' title='bbox 1302 1203 1330 1253; x_wconf 99' lang='lat'><strong>6</strong></span> <span class='ocrx_word' id='word_1_82' title='bbox 1371 1202 1502 1264; x_wconf 86' lang='grc' dir='ltr'>θεὸς</span> <span class='ocrx_word' id='word_1_83' title='bbox 1544 1202 1765 1272; x_wconf 77' lang='grc' dir='ltr'>εἴρηκεν</span> 
     </span>
    </p>
   </div>
   <div class='ocr_carea' id='block_1_14' title="bbox 192 1262 1765 1362">
    <p class='ocr_par' dir='ltr' id='par_1_14' title="bbox 192 1262 1765 1362">
     <span class='ocr_line' id='line_1_14' title="bbox 192 1262 1765 1362; baseline 0.004 -25"><span class='ocrx_word' id='word_1_84' title='bbox 192 1262 351 1354; x_wconf 50' lang='grc' dir='ltr'>αὐτῷ</span> <span class='ocrx_word' id='word_1_85' title='bbox 381 1301 397 1317; x_wconf 82' lang='grc'><strong>⁸</strong></span> <span class='ocrx_word' id='word_1_86' title='bbox 424 1262 509 1340; x_wconf 65' lang='grc' dir='ltr'>Συ</span> <span class='ocrx_word' id='word_1_87' title='bbox 533 1262 712 1357; x_wconf 51' lang='lat' dir='ltr'><strong>(qui;</strong></span> <span class='ocrx_word' id='word_1_88' title='bbox 742 1290 801 1343; x_wconf 91' lang='lat' dir='ltr'><strong>tv</strong></span> <span class='ocrx_word' id='word_1_89' title='bbox 831 1292 897 1360; x_wconf 82' lang='grc' dir='ltr'>τῇ</span> <span class='ocrx_word' id='word_1_90' title='bbox 932 1290 1075 1359; x_wconf 68' lang='grc' dir='ltr'>ψυχῇ</span> <span class='ocrx_word' id='word_1_91' title='bbox 1110 1262 1224 1355; x_wconf 83' lang='grc' dir='ltr'>σου,</span> <span class='ocrx_word' id='word_1_92' title='bbox 1265 1292 1345 1344; x_wconf 81' lang='grc' dir='ltr'>ὅτι</span> <span class='ocrx_word' id='word_1_93' title='bbox 1375 1293 1404 1344; x_wconf 91' lang='lat'><strong>6</strong></span> <span class='ocrx_word' id='word_1_94' title='bbox 1431 1262 1559 1355; x_wconf 79' lang='grc' dir='ltr'>Θεὸς</span> <span class='ocrx_word' id='word_1_95' title='bbox 1595 1262 1765 1362; x_wconf 69' lang='grc' dir='ltr'>δημο-</span> 
     </span>
    </p>
   </div>
   <div class='ocr_carea' id='block_1_15' title="bbox 197 1375 1766 1452">
    <p class='ocr_par' dir='ltr' id='par_1_15' title="bbox 197 1375 1766 1452">
     <span class='ocr_line' id='line_1_15' title="bbox 197 1375 1766 1452; baseline 0.006 -26"><span class='ocrx_word' id='word_1_96' title='bbox 197 1375 393 1437; x_wconf 83' lang='grc' dir='ltr'>σιεύει,</span> <span class='ocrx_word' id='word_1_97' title='bbox 436 1378 532 1452; x_wconf 69' lang='grc' dir='ltr'>καὶ</span> <span class='ocrx_word' id='word_1_98' title='bbox 565 1379 770 1449; x_wconf 82' lang='grc' dir='ltr'>δειλιᾷς</span> <span class='ocrx_word' id='word_1_99' title='bbox 816 1381 939 1444; x_wconf 74' lang='grc' dir='ltr'>τοὺς</span> <span class='ocrx_word' id='word_1_100' title='bbox 976 1380 1314 1450; x_wconf 84' lang='grc' dir='ltr'>ἀνθρώπους.</span> <span class='ocrx_word' id='word_1_101' title='bbox 1353 1384 1512 1435; x_wconf 81' lang='grc' dir='ltr'>Ἀλλά</span> <span class='ocrx_word' id='word_1_102' title='bbox 1558 1384 1766 1437; x_wconf 64' lang='grc' dir='ltr'>δίκαιόν</span> 
     </span>
    </p>
   </div>
   <div class='ocr_carea' id='block_1_16' title="bbox 191 1466 1764 1544">
    <p class='ocr_par' dir='ltr' id='par_1_16' title="bbox 191 1466 1764 1544">
     <span class='ocr_line' id='line_1_16' title="bbox 191 1466 1764 1544; baseline 0.006 -27"><span class='ocrx_word' id='word_1_103' title='bbox 191 1466 318 1518; x_wconf 75' lang='grc' dir='ltr'>ἐστι</span> <span class='ocrx_word' id='word_1_104' title='bbox 348 1467 548 1535; x_wconf 79' lang='grc' dir='ltr'>μᾶλλον</span> <span class='ocrx_word' id='word_1_105' title='bbox 563 1467 654 1521; x_wconf 85' lang='grc' dir='ltr'><strong>τὸν</strong></span> <span class='ocrx_word' id='word_1_106' title='bbox 669 1469 800 1523; x_wconf 72' lang='grc' dir='ltr'>Θεὸν</span> <span class='ocrx_word' id='word_1_107' title='bbox 828 1471 1141 1527; x_wconf 76' lang='grc' dir='ltr'><strong>δεδοικέναι.</strong></span> <span class='ocrx_word' id='word_1_108' title='bbox 1167 1474 1307 1525; x_wconf 68' lang='grc' dir='ltr'><strong>ΔὍτε</strong></span> <span class='ocrx_word' id='word_1_109' title='bbox 1336 1475 1444 1544; x_wconf 69' lang='grc' dir='ltr'><strong>γὰρ</strong></span> <span class='ocrx_word' id='word_1_110' title='bbox 1474 1474 1764 1541; x_wconf 82' lang='grc' dir='ltr'>ὲφαύλισεν</span> 
     </span>
    </p>
   </div>
   <div class='ocr_carea' id='block_1_17' title="bbox 190 1561 1761 1637">
    <p class='ocr_par' dir='ltr' id='par_1_17' title="bbox 190 1561 1761 1637">
     <span class='ocr_line' id='line_1_17' title="bbox 190 1561 1761 1637; baseline 0.004 -25"><span class='ocrx_word' id='word_1_111' title='bbox 190 1562 224 1613; x_wconf 88' lang='lat'><strong>6</strong></span> <span class='ocrx_word' id='word_1_112' title='bbox 243 1561 390 1626; x_wconf 76' lang='grc' dir='ltr'>Ζεῒθ,</span> <span class='ocrx_word' id='word_1_113' title='bbox 424 1561 758 1632; x_wconf 69' lang='grc' dir='ltr'>ξξεδώκαμέν</span> <span class='ocrx_word' id='word_1_114' title='bbox 792 1581 873 1616; x_wconf 90' lang='grc' dir='ltr'><strong>σοι</strong></span> <span class='ocrx_word' id='word_1_115' title='bbox 899 1565 1122 1637; x_wconf 85' lang='grc' dir='ltr'>ταύτην,</span> <span class='ocrx_word' id='word_1_116' title='bbox 1151 1561 1196 1620; x_wconf 80' lang='grc' dir='ltr'><strong>ὦ</strong></span> <span class='ocrx_word' id='word_1_117' title='bbox 1216 1567 1531 1635; x_wconf 80' lang='grc' dir='ltr'>Μαχούμετ.</span> <span class='ocrx_word' id='word_1_118' title='bbox 1552 1563 1682 1618; x_wconf 78' lang='grc' dir='ltr'>Εἷττε</span> <span class='ocrx_word' id='word_1_119' title='bbox 1708 1567 1761 1619; x_wconf 80' lang='grc' dir='ltr'>δὲ</span> 
     </span>
    </p>
   </div>
   <div class='ocr_carea' id='block_1_18' title="bbox 188 1649 1758 1723">
    <p class='ocr_par' dir='ltr' id='par_1_18' title="bbox 188 1649 1758 1723">
     <span class='ocr_line' id='line_1_18' title="bbox 188 1649 1758 1723; baseline 0.003 -20"><span class='ocrx_word' id='word_1_120' title='bbox 188 1649 346 1718; x_wconf 79' lang='grc' dir='ltr'>αὐτῷ</span> <span class='ocrx_word' id='word_1_121' title='bbox 371 1652 400 1704; x_wconf 91' lang='lat'><strong>6</strong></span> <span class='ocrx_word' id='word_1_122' title='bbox 427 1650 571 1716; x_wconf 77' lang='grc' dir='ltr'>Ζεῒθ,</span> <span class='ocrx_word' id='word_1_123' title='bbox 594 1653 683 1721; x_wconf 79' lang='grc' dir='ltr'><strong>Μὴ</strong></span> <span class='ocrx_word' id='word_1_124' title='bbox 704 1653 906 1723; x_wconf 85' lang='grc' dir='ltr'>ταύτην</span> <span class='ocrx_word' id='word_1_125' title='bbox 936 1655 1167 1722; x_wconf 70' lang='grc' dir='ltr'>ἠγάγου,</span> <span class='ocrx_word' id='word_1_126' title='bbox 1191 1655 1454 1707; x_wconf 68' lang='grc' dir='ltr'>ἀπὸστολε</span> <span class='ocrx_word' id='word_1_127' title='bbox 1472 1654 1566 1706; x_wconf 84' lang='grc' dir='ltr'>τοῦ</span> <span class='ocrx_word' id='word_1_128' title='bbox 1589 1654 1722 1707; x_wconf 82' lang='grc' dir='ltr'>Θεοῦ</span> <span class='ocrx_word' id='word_1_129' title='bbox 1745 1675 1758 1720; x_wconf 88' lang='lat'><strong>;</strong></span> 
     </span>
    </p>
   </div>
   <div class='ocr_carea' id='block_1_19' title="bbox 192 1740 1759 1815">
    <p class='ocr_par' dir='ltr' id='par_1_19' title="bbox 192 1740 1759 1815">
     <span class='ocr_line' id='line_1_19' title="bbox 192 1740 1759 1815; baseline 0.002 -20"><span class='ocrx_word' id='word_1_130' title='bbox 192 1740 315 1795; x_wconf 74' lang='grc' dir='ltr'><strong>Καὶ</strong></span> <span class='ocrx_word' id='word_1_131' title='bbox 340 1741 635 1811; x_wconf 85' lang='grc' dir='ltr'>ἀπεκρίθη,</span> <span class='ocrx_word' id='word_1_132' title='bbox 664 1743 802 1795; x_wconf 79' lang='grc' dir='ltr'>Ούαί</span> <span class='ocrx_word' id='word_1_133' title='bbox 836 1761 937 1807; x_wconf 80' lang='grc' dir='ltr'>σοι,</span> <span class='ocrx_word' id='word_1_134' title='bbox 958 1747 985 1796; x_wconf 89' lang='lat'><strong>6</strong></span> <span class='ocrx_word' id='word_1_135' title='bbox 1011 1746 1142 1808; x_wconf 82' lang='grc' dir='ltr'>Θεός</span> <span class='ocrx_word' id='word_1_136' title='bbox 1174 1761 1263 1814; x_wconf 82' lang='grc' dir='ltr'><strong>μοι</strong></span> <span class='ocrx_word' id='word_1_137' title='bbox 1292 1747 1499 1815; x_wconf 82' lang='grc' dir='ltr'>ταύτην</span> <span class='ocrx_word' id='word_1_138' title='bbox 1531 1747 1759 1798; x_wconf 81' lang='grc' dir='ltr'>ὲκδέδω·</span> 
     </span>
    </p>
   </div>
   <div class='ocr_carea' id='block_1_20' title="bbox 1867 566 3427 641">
    <p class='ocr_par' dir='ltr' id='par_1_20' title="bbox 1867 566 3427 641">
     <span class='ocr_line' id='line_1_20' title="bbox 1867 566 3427 641; baseline 0.001 -16"><span class='ocrx_word' id='word_1_139' title='bbox 1867 588 1996 626; x_wconf 91' lang='lat' dir='ltr'><strong>eum</strong></span> <span class='ocrx_word' id='word_1_140' title='bbox 2022 584 2418 628; x_wconf 77' lang='lat' dir='ltr'><strong>accusaverunt</strong></span> <span class='ocrx_word' id='word_1_141' title='bbox 2469 574 2538 627; x_wconf 89' lang='lat' dir='ltr'><strong>de</strong></span> <span class='ocrx_word' id='word_1_142' title='bbox 2570 566 2821 627; x_wconf 48' lang='lat' dir='ltr'><strong>&quot;incestu.</strong></span> <span class='ocrx_word' id='word_1_143' title='bbox 2868 574 3232 641; x_wconf 78' lang='lat' dir='ltr'><strong>Sequiturque</strong></span> <span class='ocrx_word' id='word_1_144' title='bbox 3266 575 3427 628; x_wconf 83' lang='lat' dir='ltr'><strong>dein-</strong></span> 
     </span>
    </p>
   </div>
   <div class='ocr_carea' id='block_1_21' title="bbox 1868 664 3428 734">
    <p class='ocr_par' dir='ltr' id='par_1_21' title="bbox 1868 664 3428 734">
     <span class='ocr_line' id='line_1_21' title="bbox 1868 664 3428 734; baseline -0.002 -15"><span class='ocrx_word' id='word_1_145' title='bbox 1868 679 1999 734; x_wconf 90' lang='lat' dir='ltr'><strong>ceps</strong></span> <span class='ocrx_word' id='word_1_146' title='bbox 2031 682 2044 718; x_wconf 89' lang='lat'><strong>:</strong></span> <span class='ocrx_word' id='word_1_147' title='bbox 2082 664 2135 718; x_wconf 90' lang='lat' dir='ltr'><strong>Si</strong></span> <span class='ocrx_word' id='word_1_148' title='bbox 2174 667 2313 719; x_wconf 78' lang='lat' dir='ltr'><strong>forte</strong></span> <span class='ocrx_word' id='word_1_149' title='bbox 2360 665 2504 718; x_wconf 87' lang='lat' dir='ltr'><strong>Deus</strong></span> <span class='ocrx_word' id='word_1_150' title='bbox 2555 680 2651 718; x_wconf 86' lang='lat' dir='ltr'><strong>vos</strong></span> <span class='ocrx_word' id='word_1_151' title='bbox 2710 665 3098 732; x_wconf 83' lang='lat' dir='ltr'><strong>rcpudiavcrit.</strong></span> <span class='ocrx_word' id='word_1_152' title='bbox 3142 665 3285 717; x_wconf 85' lang='lat' dir='ltr'><strong>dabo</strong></span> <span class='ocrx_word' id='word_1_153' title='bbox 3326 681 3428 733; x_wconf 84' lang='lat' dir='ltr'><strong>pro</strong></span> 
     </span>
    </p>
   </div>
   <div class='ocr_carea' id='block_1_22' title="bbox 1868 751 3426 816">
    <p class='ocr_par' dir='ltr' id='par_1_22' title="bbox 1868 751 3426 816">
     <span class='ocr_line' id='line_1_22' title="bbox 1868 751 3426 816; baseline -0.001 -11"><span class='ocrx_word' id='word_1_154' title='bbox 1868 753 2025 807; x_wconf 81' lang='lat' dir='ltr'><strong>vobis</strong></span> <span class='ocrx_word' id='word_1_155' title='bbox 2057 756 2109 812; x_wconf 90' lang='lat' dir='ltr'><strong>ei</strong></span> <span class='ocrx_word' id='word_1_156' title='bbox 2136 754 2392 808; x_wconf 78' lang='lat' dir='ltr'><strong>meliores</strong></span> <span class='ocrx_word' id='word_1_157' title='bbox 2421 753 2576 807; x_wconf 87' lang='lat' dir='ltr'><strong>vobis</strong></span> <span class='ocrx_word' id='word_1_158' title='bbox 2615 752 2933 816; x_wconf 77' lang='lat' dir='ltr'><strong>Saracenos,</strong></span> <span class='ocrx_word' id='word_1_159' title='bbox 2966 751 3172 814; x_wconf 82' lang='lat' dir='ltr'><strong>ﬁdeles,</strong></span> <span class='ocrx_word' id='word_1_160' title='bbox 3198 751 3426 812; x_wconf 57' lang='lat' dir='ltr'><strong>divites,</strong></span> 
     </span>
    </p>
   </div>
   <div class='ocr_carea' id='block_1_23' title="bbox 1868 834 3429 912">
    <p class='ocr_par' dir='ltr' id='par_1_23' title="bbox 1868 834 3429 912">
     <span class='ocr_line' id='line_1_23' title="bbox 1868 834 3429 912; baseline -0.002 -16"><span class='ocrx_word' id='word_1_161' title='bbox 1868 834 2200 911; x_wconf 73' lang='lat' dir='ltr'><strong>pmnitentes</strong></span> <span class='ocrx_word' id='word_1_162' title='bbox 2229 854 2285 898; x_wconf 91' lang='lat' dir='ltr'><strong>et</strong></span> <span class='ocrx_word' id='word_1_163' title='bbox 2333 853 2575 903; x_wconf 87' lang='lat' dir='ltr'><strong>orantes,</strong></span> <span class='ocrx_word' id='word_1_164' title='bbox 2630 843 2818 912; x_wconf 79' lang='lat' dir='ltr'><strong>agiles,</strong></span> <span class='ocrx_word' id='word_1_165' title='bbox 2872 852 2928 897; x_wconf 88' lang='lat' dir='ltr'><strong>et</strong></span> <span class='ocrx_word' id='word_1_166' title='bbox 2972 844 3231 911; x_wconf 77' lang='lat' dir='ltr'><strong>virgines.</strong></span> <span class='ocrx_word' id='word_1_167' title='bbox 3267 841 3429 907; x_wconf 80' lang='lat' dir='ltr'><strong>Quod</strong></span> 
     </span>
    </p>
   </div>
   <div class='ocr_carea' id='block_1_24' title="bbox 1867 919 3433 996">
    <p class='ocr_par' dir='ltr' id='par_1_24' title="bbox 1867 919 3433 996">
     <span class='ocr_line' id='line_1_24' title="bbox 1867 919 3433 996; baseline 0 -13"><span class='ocrx_word' id='word_1_168' title='bbox 1867 919 2462 996; x_wconf 36' lang='lat' dir='ltr'><strong>audientem-dixerunt</strong></span> <span class='ocrx_word' id='word_1_169' title='bbox 2496 950 2510 989; x_wconf 82' lang='lat'>:</span> <span class='ocrx_word' id='word_1_170' title='bbox 2543 934 2797 987; x_wconf 83' lang='lat' dir='ltr'><strong>Pmnitet.</strong></span> <span class='ocrx_word' id='word_1_171' title='bbox 2832 932 3099 986; x_wconf 88' lang='lat' dir='ltr'><strong>Similiter</strong></span> <span class='ocrx_word' id='word_1_172' title='bbox 3131 940 3313 984; x_wconf 77' lang='lat' dir='ltr'><strong>autem</strong></span> <span class='ocrx_word' id='word_1_173' title='bbox 3350 931 3433 983; x_wconf 77' lang='lat' dir='ltr'><strong>te-</strong></span> 
     </span>
    </p>
   </div>
   <div class='ocr_carea' id='block_1_25' title="bbox 1806 1022 3430 1094">
    <p class='ocr_par' dir='ltr' id='par_1_25' title="bbox 1806 1022 3430 1094">
     <span class='ocr_line' id='line_1_25' title="bbox 1806 1022 3430 1094; baseline -0.003 -14"><span class='ocrx_word' id='word_1_174' title='bbox 1806 1072 1818 1080; x_wconf 89' lang='lat'><em>.</em></span> <span class='ocrx_word' id='word_1_175' title='bbox 1865 1023 1963 1090; x_wconf 90' lang='lat' dir='ltr'><strong>cit,</strong></span> <span class='ocrx_word' id='word_1_176' title='bbox 1994 1024 2214 1094; x_wconf 80' lang='lat' dir='ltr'><strong>quando</strong></span> <span class='ocrx_word' id='word_1_177' title='bbox 2236 1026 2448 1092; x_wconf 90' lang='lat' dir='ltr'><strong>accepit</strong></span> <span class='ocrx_word' id='word_1_178' title='bbox 2475 1040 2696 1078; x_wconf 83' lang='lat' dir='ltr'><strong>uxorem</strong></span> <span class='ocrx_word' id='word_1_179' title='bbox 2721 1024 2874 1079; x_wconf 88' lang='lat' dir='ltr'><strong>Zcith</strong></span> <span class='ocrx_word' id='word_1_180' title='bbox 2907 1023 3110 1077; x_wconf 81' lang='lat' dir='ltr'><strong>alumni</strong></span> <span class='ocrx_word' id='word_1_181' title='bbox 3138 1022 3245 1076; x_wconf 90' lang='lat' dir='ltr'><strong>sui.</strong></span> <span class='ocrx_word' id='word_1_182' title='bbox 3275 1022 3430 1075; x_wconf 91' lang='lat' dir='ltr'><strong>Dixit</strong></span> 
     </span>
    </p>
   </div>
   <div class='ocr_carea' id='block_1_26' title="bbox 1866 1112 3469 1183">
    <p class='ocr_par' dir='ltr' id='par_1_26' title="bbox 1866 1112 3469 1183">
     <span class='ocr_line' id='line_1_26' title="bbox 1866 1112 3469 1183; baseline -0.002 -15"><span class='ocrx_word' id='word_1_183' title='bbox 1866 1119 2047 1168; x_wconf 82' lang='lat' dir='ltr'><strong>autem</strong></span> <span class='ocrx_word' id='word_1_184' title='bbox 2097 1130 2265 1183; x_wconf 82' lang='lat' dir='ltr'><strong>super</strong></span> <span class='ocrx_word' id='word_1_185' title='bbox 2314 1115 2420 1169; x_wconf 88' lang='lat' dir='ltr'><strong>hoc</strong></span> <span class='ocrx_word' id='word_1_186' title='bbox 2466 1114 2792 1168; x_wconf 89' lang='lat' dir='ltr'><strong>sententiam</strong></span> <span class='ocrx_word' id='word_1_187' title='bbox 2841 1114 2895 1167; x_wconf 91' lang='lat' dir='ltr'><strong>in</strong></span> <span class='ocrx_word' id='word_1_188' title='bbox 2942 1113 3181 1181; x_wconf 88' lang='lat' dir='ltr'><strong>capitulo</strong></span> <span class='ocrx_word' id='word_1_189' title='bbox 3204 1112 3469 1172; x_wconf 82' lang='lat' dir='ltr'><strong>EIazeb.‘</strong></span> 
     </span>
    </p>
   </div>
   <div class='ocr_carea' id='block_1_27' title="bbox 1867 1202 3427 1273">
    <p class='ocr_par' dir='ltr' id='par_1_27' title="bbox 1867 1202 3427 1273">
     <span class='ocr_line' id='line_1_27' title="bbox 1867 1202 3427 1273; baseline -0.002 -16"><span class='ocrx_word' id='word_1_190' title='bbox 1867 1205 2015 1273; x_wconf 90' lang='lat' dir='ltr'><strong>quod</strong></span> <span class='ocrx_word' id='word_1_191' title='bbox 2040 1206 2187 1259; x_wconf 87' lang='lat' dir='ltr'><strong>Deus</strong></span> <span class='ocrx_word' id='word_1_192' title='bbox 2210 1206 2348 1259; x_wconf 81' lang='lat' dir='ltr'><strong>dixit</strong></span> <span class='ocrx_word' id='word_1_193' title='bbox 2380 1225 2392 1259; x_wconf 90' lang='lat'><strong>:</strong></span> <span class='ocrx_word' id='word_1_194' title='bbox 2426 1205 2507 1260; x_wconf 87' lang='lat' dir='ltr'><strong>Tu</strong></span> <span class='ocrx_word' id='word_1_195' title='bbox 2533 1206 2809 1259; x_wconf 75' lang='lat' dir='ltr'><strong>:emularis</strong></span> <span class='ocrx_word' id='word_1_196' title='bbox 2832 1206 2886 1257; x_wconf 87' lang='lat' dir='ltr'><strong>in</strong></span> <span class='ocrx_word' id='word_1_197' title='bbox 2922 1205 3106 1258; x_wconf 90' lang='lat' dir='ltr'><strong>animo</strong></span> <span class='ocrx_word' id='word_1_198' title='bbox 3134 1213 3248 1263; x_wconf 87' lang='lat' dir='ltr'><strong>tuo.</strong></span> <span class='ocrx_word' id='word_1_199' title='bbox 3277 1202 3427 1271; x_wconf 82' lang='lat' dir='ltr'><strong>quod</strong></span> 
     </span>
    </p>
   </div>
   <div class='ocr_carea' id='block_1_28' title="bbox 1869 1293 3431 1365">
    <p class='ocr_par' dir='ltr' id='par_1_28' title="bbox 1869 1293 3431 1365">
     <span class='ocr_line' id='line_1_28' title="bbox 1869 1293 3431 1365; baseline -0.003 -15"><span class='ocrx_word' id='word_1_200' title='bbox 1869 1297 2015 1351; x_wconf 90' lang='lat' dir='ltr'><strong>Deus</strong></span> <span class='ocrx_word' id='word_1_201' title='bbox 2063 1298 2332 1365; x_wconf 89' lang='lat' dir='ltr'><strong>propalat,</strong></span> <span class='ocrx_word' id='word_1_202' title='bbox 2364 1305 2419 1350; x_wconf 91' lang='lat' dir='ltr'><strong>et</strong></span> <span class='ocrx_word' id='word_1_203' title='bbox 2466 1296 2625 1348; x_wconf 91' lang='lat' dir='ltr'><strong>times</strong></span> <span class='ocrx_word' id='word_1_204' title='bbox 2678 1295 2950 1357; x_wconf 87' lang='lat' dir='ltr'><strong>homines,</strong></span> <span class='ocrx_word' id='word_1_205' title='bbox 2983 1293 3077 1348; x_wconf 91' lang='lat' dir='ltr'><strong>sed</strong></span> <span class='ocrx_word' id='word_1_206' title='bbox 3104 1296 3311 1362; x_wconf 84' lang='lat' dir='ltr'><strong>justum</strong></span> <span class='ocrx_word' id='word_1_207' title='bbox 3340 1301 3431 1346; x_wconf 82' lang='lat' dir='ltr'><strong>est</strong></span> 
     </span>
    </p>
   </div>
   <div class='ocr_carea' id='block_1_29' title="bbox 1868 1376 3541 1453">
    <p class='ocr_par' dir='ltr' id='par_1_29' title="bbox 1868 1376 3541 1453">
     <span class='ocr_line' id='line_1_29' title="bbox 1868 1376 3541 1453; baseline -0.002 -13"><span class='ocrx_word' id='word_1_208' title='bbox 1868 1386 2040 1453; x_wconf 74' lang='lat' dir='ltr'><strong>magis</strong></span> <span class='ocrx_word' id='word_1_209' title='bbox 2095 1387 2285 1439; x_wconf 90' lang='lat' dir='ltr'><strong>timere</strong></span> <span class='ocrx_word' id='word_1_210' title='bbox 2339 1386 2527 1439; x_wconf 89' lang='lat' dir='ltr'><strong>Deum.</strong></span> <span class='ocrx_word' id='word_1_211' title='bbox 2562 1384 2809 1452; x_wconf 87' lang='lat' dir='ltr'><strong>Tumque</strong></span> <span class='ocrx_word' id='word_1_212' title='bbox 2855 1385 3003 1437; x_wconf 87' lang='lat' dir='ltr'><strong>enim</strong></span> <span class='ocrx_word' id='word_1_213' title='bbox 3050 1376 3263 1452; x_wconf 76' lang='lat' dir='ltr'><strong>respuit</strong></span> <span class='ocrx_word' id='word_1_214' title='bbox 3305 1397 3429 1436; x_wconf 85' lang='lat' dir='ltr'><strong>eam</strong></span> <span class='ocrx_word' id='word_1_215' title='bbox 3538 1434 3541 1437; x_wconf 89' lang='lat'>.</span> 
     </span>
    </p>
   </div>
   <div class='ocr_carea' id='block_1_30' title="bbox 1868 1472 3429 1541">
    <p class='ocr_par' dir='ltr' id='par_1_30' title="bbox 1868 1472 3429 1541">
     <span class='ocr_line' id='line_1_30' title="bbox 1868 1472 3429 1541; baseline -0.003 -13"><span class='ocrx_word' id='word_1_216' title='bbox 1868 1475 2045 1536; x_wconf 81' lang='lat' dir='ltr'><strong>Zeitlt.</strong></span> <span class='ocrx_word' id='word_1_217' title='bbox 2096 1472 2343 1541; x_wconf 78' lang='lat' dir='ltr'><strong>dixitque</strong></span> <span class='ocrx_word' id='word_1_218' title='bbox 2390 1474 2490 1527; x_wconf 90' lang='lat' dir='ltr'><strong>ei:</strong></span> <span class='ocrx_word' id='word_1_219' title='bbox 2549 1473 2627 1526; x_wconf 86' lang='lat' dir='ltr'><strong>Nc</strong></span> <span class='ocrx_word' id='word_1_220' title='bbox 2682 1472 2853 1526; x_wconf 87' lang='lat' dir='ltr'><strong>ducas</strong></span> <span class='ocrx_word' id='word_1_221' title='bbox 2897 1472 3039 1526; x_wconf 89' lang='lat' dir='ltr'><strong>hanc</strong></span> <span class='ocrx_word' id='word_1_222' title='bbox 3080 1472 3135 1524; x_wconf 91' lang='lat' dir='ltr'><strong>in</strong></span> <span class='ocrx_word' id='word_1_223' title='bbox 3182 1486 3429 1536; x_wconf 87' lang='lat' dir='ltr'><strong>uxorem,</strong></span> 
     </span>
    </p>
   </div>
   <div class='ocr_carea' id='block_1_31' title="bbox 1866 1560 3430 1632">
    <p class='ocr_par' dir='ltr' id='par_1_31' title="bbox 1866 1560 3430 1632">
     <span class='ocr_line' id='line_1_31' title="bbox 1866 1560 3430 1632; baseline -0.003 -14"><span class='ocrx_word' id='word_1_224' title='bbox 1866 1564 2116 1632; x_wconf 78' lang='lat' dir='ltr'><strong>apostolo</strong></span> <span class='ocrx_word' id='word_1_225' title='bbox 2154 1564 2271 1617; x_wconf 90' lang='lat' dir='ltr'><strong>Dei.</strong></span> <span class='ocrx_word' id='word_1_226' title='bbox 2334 1562 2398 1614; x_wconf 82' lang='lat' dir='ltr'><strong>Et</strong></span> <span class='ocrx_word' id='word_1_227' title='bbox 2449 1562 2729 1630; x_wconf 82' lang='lat' dir='ltr'><strong>respondit</strong></span> <span class='ocrx_word' id='word_1_228' title='bbox 2778 1561 3139 1624; x_wconf 80' lang='lat' dir='ltr'><strong>Mahometus,</strong></span> <span class='ocrx_word' id='word_1_229' title='bbox 3174 1561 3269 1614; x_wconf 70' lang='lat' dir='ltr'><strong>Vae</strong></span> <span class='ocrx_word' id='word_1_230' title='bbox 3301 1560 3430 1625; x_wconf 74' lang='lat' dir='ltr'><strong>tibi,</strong></span> 
     </span>
    </p>
   </div>
   <div class='ocr_carea' id='block_1_32' title="bbox 1868 1652 3432 1720">
    <p class='ocr_par' dir='ltr' id='par_1_32' title="bbox 1868 1652 3432 1720">
     <span class='ocr_line' id='line_1_32' title="bbox 1868 1652 3432 1720; baseline -0.001 -13"><span class='ocrx_word' id='word_1_231' title='bbox 1868 1654 2015 1709; x_wconf 85' lang='lat' dir='ltr'><strong>Deus</strong></span> <span class='ocrx_word' id='word_1_232' title='bbox 2050 1655 2186 1707; x_wconf 85' lang='lat' dir='ltr'><strong>mihi</strong></span> <span class='ocrx_word' id='word_1_233' title='bbox 2219 1654 2361 1706; x_wconf 86' lang='lat' dir='ltr'><strong>hanc</strong></span> <span class='ocrx_word' id='word_1_234' title='bbox 2388 1653 2559 1707; x_wconf 91' lang='lat' dir='ltr'><strong>dedit.</strong></span> <span class='ocrx_word' id='word_1_235' title='bbox 2589 1653 2694 1716; x_wconf 80' lang='lat' dir='ltr'><strong>Qui</strong></span> <span class='ocrx_word' id='word_1_236' title='bbox 2725 1661 2847 1720; x_wconf 88' lang='lat' dir='ltr'><strong>post</strong></span> <span class='ocrx_word' id='word_1_237' title='bbox 2880 1654 2997 1706; x_wconf 77' lang='lat' dir='ltr'><strong>hzee</strong></span> <span class='ocrx_word' id='word_1_238' title='bbox 3028 1652 3097 1705; x_wconf 85' lang='lat' dir='ltr'><strong>de</strong></span> <span class='ocrx_word' id='word_1_239' title='bbox 3122 1652 3306 1719; x_wconf 83' lang='lat' dir='ltr'><strong>seipso</strong></span> <span class='ocrx_word' id='word_1_240' title='bbox 3325 1652 3432 1706; x_wconf 83' lang='lat' dir='ltr'><strong>hoc</strong></span> 
     </span>
    </p>
   </div>
   <div class='ocr_carea' id='block_1_33' title="bbox 1866 1740 3430 1814">
    <p class='ocr_par' dir='ltr' id='par_1_33' title="bbox 1866 1740 3430 1814">
     <span class='ocr_line' id='line_1_33' title="bbox 1866 1740 3430 1814; baseline -0.002 -16"><span class='ocrx_word' id='word_1_241' title='bbox 1866 1745 2168 1814; x_wconf 79' lang='lat' dir='ltr'><strong>divulgavit</strong></span> <span class='ocrx_word' id='word_1_242' title='bbox 2198 1745 2411 1807; x_wconf 89' lang='lat' dir='ltr'><strong>dicens,</strong></span> <span class='ocrx_word' id='word_1_243' title='bbox 2442 1742 2585 1809; x_wconf 88' lang='lat' dir='ltr'><strong>quod</strong></span> <span class='ocrx_word' id='word_1_244' title='bbox 2620 1742 2764 1795; x_wconf 85' lang='lat' dir='ltr'><strong>Deus</strong></span> <span class='ocrx_word' id='word_1_245' title='bbox 2785 1740 2927 1794; x_wconf 84' lang='lat' dir='ltr'><strong>hanc</strong></span> <span class='ocrx_word' id='word_1_246' title='bbox 2951 1742 3230 1809; x_wconf 82' lang='lat' dir='ltr'><strong>propheta:</strong></span> <span class='ocrx_word' id='word_1_247' title='bbox 3256 1741 3430 1795; x_wconf 84' lang='lat' dir='ltr'><strong>dedit.</strong></span> 
     </span>
    </p>
   </div>
   <div class='ocr_carea' id='block_1_34' title="bbox 188 1807 1758 1908">
    <p class='ocr_par' dir='ltr' id='par_1_34' title="bbox 188 1819 1758 1905">
     <span class='ocr_line' id='line_1_34' title="bbox 188 1819 1758 1905; baseline 0.004 -22"><span class='ocrx_word' id='word_1_248' title='bbox 188 1848 312 1883; x_wconf 76' lang='grc' dir='ltr'>κεν.</span> <span class='ocrx_word' id='word_1_249' title='bbox 350 1831 514 1894; x_wconf 85' lang='grc' dir='ltr'>Ἤτις</span> <span class='ocrx_word' id='word_1_250' title='bbox 546 1833 683 1901; x_wconf 83' lang='grc' dir='ltr'><strong>μετά</strong></span> <span class='ocrx_word' id='word_1_251' title='bbox 730 1832 917 1900; x_wconf 82' lang='grc' dir='ltr'>ταῦτα,</span> <span class='ocrx_word' id='word_1_252' title='bbox 950 1839 1075 1903; x_wconf 78' lang='grc' dir='ltr'>περὶ</span> <span class='ocrx_word' id='word_1_253' title='bbox 1113 1837 1310 1905; x_wconf 76' lang='grc' dir='ltr'>ἑαυτῆς</span> <span class='ocrx_word' id='word_1_254' title='bbox 1341 1838 1498 1889; x_wconf 76' lang='grc' dir='ltr'>τοῦτο</span> <span class='ocrx_word' id='word_1_255' title='bbox 1538 1819 1758 1891; x_wconf 82' lang='grc' dir='ltr'>διετέλει</span> 
     </span>
    </p>
   </div>
   <div class='ocr_carea' id='block_1_35' title="bbox 1862 1807 3431 1908">
    <p class='ocr_par' dir='ltr' id='par_1_35' title="bbox 1862 1807 3431 1908">
     <span class='ocr_line' id='line_1_35' title="bbox 1862 1807 3431 1908; baseline -0.002 -17"><span class='ocrx_word' id='word_1_256' title='bbox 1862 1837 2004 1908; x_wconf 82' lang='lat' dir='ltr'><strong>Ecce</strong></span> <span class='ocrx_word' id='word_1_257' title='bbox 2022 1807 2137 1904; x_wconf 41' lang='lat' dir='ltr'><strong>vper</strong></span> <span class='ocrx_word' id='word_1_258' title='bbox 2173 1835 2345 1905; x_wconf 82' lang='lat' dir='ltr'><strong>majus</strong></span> <span class='ocrx_word' id='word_1_259' title='bbox 2404 1807 2586 1887; x_wconf 82' lang='lat' dir='ltr'><strong>minus</strong></span> <span class='ocrx_word' id='word_1_260' title='bbox 2627 1842 2916 1901; x_wconf 89' lang='lat' dir='ltr'><strong>peccatum</strong></span> <span class='ocrx_word' id='word_1_261' title='bbox 2947 1807 3259 1887; x_wconf 75' lang='lat' dir='ltr'><strong>occultavit.</strong></span> <span class='ocrx_word' id='word_1_262' title='bbox 3297 1835 3431 1888; x_wconf 82' lang='lat' dir='ltr'><strong>Ete-</strong></span> 
     </span>
    </p>
   </div>
   <div class='ocr_carea' id='block_1_36' title="bbox 190 1921 1761 1999">
    <p class='ocr_par' dir='ltr' id='par_1_36' title="bbox 190 1921 1761 1999">
     <span class='ocr_line' id='line_1_36' title="bbox 190 1921 1761 1999; baseline 0.004 -26"><span class='ocrx_word' id='word_1_263' title='bbox 190 1921 524 1990; x_wconf 80' lang='grc' dir='ltr'>θρυλλοῦσα,</span> <span class='ocrx_word' id='word_1_264' title='bbox 551 1924 624 1984; x_wconf 84' lang='grc' dir='ltr'>ὡς</span> <span class='ocrx_word' id='word_1_265' title='bbox 650 1924 678 1975; x_wconf 90' lang='lat'><strong>6</strong></span> <span class='ocrx_word' id='word_1_266' title='bbox 710 1923 839 1985; x_wconf 84' lang='grc' dir='ltr'>Θεὸς</span> <span class='ocrx_word' id='word_1_267' title='bbox 862 1925 1065 1993; x_wconf 80' lang='grc' dir='ltr'>ταύτην</span> <span class='ocrx_word' id='word_1_268' title='bbox 1094 1927 1168 1995; x_wconf 80' lang='grc' dir='ltr'><strong>τῷ</strong></span> <span class='ocrx_word' id='word_1_269' title='bbox 1188 1930 1444 1999; x_wconf 46' lang='lat' dir='ltr'><strong>«posti-cn</strong></span> <span class='ocrx_word' id='word_1_270' title='bbox 1474 1927 1761 1981; x_wconf 76' lang='grc' dir='ltr'>ἐξέδωκεν.</span> 
     </span>
    </p>
   </div>
   <div class='ocr_carea' id='block_1_37' title="bbox 202 1999 1762 2086">
    <p class='ocr_par' dir='ltr' id='par_1_37' title="bbox 202 1999 1762 2086">
     <span class='ocr_line' id='line_1_37' title="bbox 202 1999 1762 2086; baseline 0.003 -20"><span class='ocrx_word' id='word_1_271' title='bbox 202 2012 339 2066; x_wconf 80' lang='grc' dir='ltr'>Ἰδοὺ</span> <span class='ocrx_word' id='word_1_272' title='bbox 363 2012 449 2065; x_wconf 81' lang='grc' dir='ltr'>διὰ</span> <span class='ocrx_word' id='word_1_273' title='bbox 467 2013 565 2081; x_wconf 83' lang='grc' dir='ltr'>τῆς</span> <span class='ocrx_word' id='word_1_274' title='bbox 592 2014 835 2082; x_wconf 75' lang='grc' dir='ltr'><strong>μείζονος</strong></span> <span class='ocrx_word' id='word_1_275' title='bbox 854 2016 952 2084; x_wconf 78' lang='grc' dir='ltr'>τὴν</span> <span class='ocrx_word' id='word_1_276' title='bbox 981 1999 1183 2077; x_wconf 73' lang='grc' dir='ltr'>ἐλάττω</span> <span class='ocrx_word' id='word_1_277' title='bbox 1209 2018 1562 2071; x_wconf 76' lang='grc' dir='ltr'>συνεσκίασεν</span> <span class='ocrx_word' id='word_1_278' title='bbox 1585 2019 1762 2086; x_wconf 77' lang='grc' dir='ltr'>ἀμαρ-</span> 
     </span>
    </p>
   </div>
   <div class='ocr_carea' id='block_1_38' title="bbox 188 2102 1763 2177">
    <p class='ocr_par' dir='ltr' id='par_1_38' title="bbox 188 2102 1763 2177">
     <span class='ocr_line' id='line_1_38' title="bbox 188 2102 1763 2177; baseline 0.004 -24"><span class='ocrx_word' id='word_1_279' title='bbox 188 2102 334 2165; x_wconf 82' lang='grc' dir='ltr'>τίαν,</span> <span class='ocrx_word' id='word_1_280' title='bbox 365 2105 473 2155; x_wconf 79' lang='grc' dir='ltr'><strong>Καὶ</strong></span> <span class='ocrx_word' id='word_1_281' title='bbox 499 2106 608 2174; x_wconf 86' lang='grc' dir='ltr'>γὰρ</span> <span class='ocrx_word' id='word_1_282' title='bbox 636 2105 793 2169; x_wconf 84' lang='grc' dir='ltr'>αὐτὸς</span> <span class='ocrx_word' id='word_1_283' title='bbox 821 2108 850 2159; x_wconf 89' lang='lat'><strong>6</strong></span> <span class='ocrx_word' id='word_1_284' title='bbox 877 2108 1119 2174; x_wconf 77' lang='grc' dir='ltr'>Μωαμεθ</span> <span class='ocrx_word' id='word_1_285' title='bbox 1148 2109 1311 2176; x_wconf 74' lang='grc' dir='ltr'>φησίν</span> <span class='ocrx_word' id='word_1_286' title='bbox 1338 2125 1352 2138; x_wconf 73' lang='grc' dir='ltr'><strong>ο</strong></span> <span class='ocrx_word' id='word_1_287' title='bbox 1383 2109 1618 2177; x_wconf 69' lang='grc' dir='ltr'>Οὐδεμία</span> <span class='ocrx_word' id='word_1_288' title='bbox 1643 2108 1763 2177; x_wconf 84' lang='grc' dir='ltr'>μεί-</span> 
     </span>
    </p>
   </div>
   <div class='ocr_carea' id='block_1_39' title="bbox 188 2187 1761 2267">
    <p class='ocr_par' dir='ltr' id='par_1_39' title="bbox 188 2187 1761 2267">
     <span class='ocr_line' id='line_1_39' title="bbox 188 2187 1761 2267; baseline 0.007 -26"><span class='ocrx_word' id='word_1_289' title='bbox 188 2187 308 2251; x_wconf 76' lang='grc' dir='ltr'>ζων</span> <span class='ocrx_word' id='word_1_290' title='bbox 354 2191 594 2259; x_wconf 85' lang='grc' dir='ltr'>ἁμαρτία</span> <span class='ocrx_word' id='word_1_291' title='bbox 624 2193 793 2257; x_wconf 80' lang='lat' dir='ltr'><strong>t01‘tv,</strong></span> <span class='ocrx_word' id='word_1_292' title='bbox 828 2194 861 2263; x_wconf 76' lang='grc' dir='ltr'>ἦ</span> <span class='ocrx_word' id='word_1_293' title='bbox 904 2195 980 2262; x_wconf 82' lang='grc' dir='ltr'>τῷ</span> <span class='ocrx_word' id='word_1_294' title='bbox 1008 2196 1127 2265; x_wconf 84' lang='grc' dir='ltr'>Θεῷ</span> <span class='ocrx_word' id='word_1_295' title='bbox 1165 2198 1358 2266; x_wconf 76' lang='grc' dir='ltr'>ψεῦδος</span> <span class='ocrx_word' id='word_1_296' title='bbox 1405 2198 1761 2267; x_wconf 80' lang='grc' dir='ltr'>προσάπτειν.</span> 
     </span>
    </p>
   </div>
   <div class='ocr_carea' id='block_1_40' title="bbox 104 2262 1765 2354">
    <p class='ocr_par' dir='ltr' id='par_1_40' title="bbox 104 2262 1765 2354">
     <span class='ocr_line' id='line_1_40' title="bbox 104 2262 1765 2354; baseline 0.004 -23"><span class='ocrx_word' id='word_1_297' title='bbox 104 2262 116 2273; x_wconf 67' lang='grc'><em>’</em></span> <span class='ocrx_word' id='word_1_298' title='bbox 192 2278 319 2331; x_wconf 83' lang='grc' dir='ltr'>Ἔτι</span> <span class='ocrx_word' id='word_1_299' title='bbox 348 2278 496 2332; x_wconf 86' lang='grc' dir='ltr'>ούδέν</span> <span class='ocrx_word' id='word_1_300' title='bbox 523 2282 668 2333; x_wconf 75' lang='grc' dir='ltr'>ἐστιν</span> <span class='ocrx_word' id='word_1_301' title='bbox 686 2262 1152 2352; x_wconf 70' lang='grc' dir='ltr'>οὕτως’ἀφὸρητον</span> <span class='ocrx_word' id='word_1_302' title='bbox 1173 2262 1229 2337; x_wconf 77' lang='lat' dir='ltr'><strong>tv</strong></span> <span class='ocrx_word' id='word_1_303' title='bbox 1257 2262 1560 2354; x_wconf 75' lang='grc' dir='ltr'>προφήταις</span> <span class='ocrx_word' id='word_1_304' title='bbox 1587 2286 1765 2354; x_wconf 76' lang='grc' dir='ltr'>ἀμαρ-</span> 
     </span>
    </p>
   </div>
   <div class='ocr_carea' id='block_1_41' title="bbox 188 2368 1761 2445">
    <p class='ocr_par' dir='ltr' id='par_1_41' title="bbox 188 2368 1761 2445">
     <span class='ocr_line' id='line_1_41' title="bbox 188 2368 1761 2445; baseline 0.006 -27"><span class='ocrx_word' id='word_1_305' title='bbox 188 2383 368 2436; x_wconf 79' lang='grc' dir='ltr'>τημα,</span> <span class='ocrx_word' id='word_1_306' title='bbox 387 2368 460 2431; x_wconf 86' lang='grc' dir='ltr'>ὡς</span> <span class='ocrx_word' id='word_1_307' title='bbox 480 2369 739 2439; x_wconf 74' lang='grc' dir='ltr'>ἀκολασίᾳ</span> <span class='ocrx_word' id='word_1_308' title='bbox 764 2373 855 2423; x_wconf 77' lang='grc' dir='ltr'><strong>καὶ</strong></span> <span class='ocrx_word' id='word_1_309' title='bbox 880 2373 1184 2445; x_wconf 75' lang='grc' dir='ltr'>ἀκαθαρσίᾳ</span> <span class='ocrx_word' id='word_1_310' title='bbox 1209 2378 1465 2440; x_wconf 77' lang='grc' dir='ltr'>συνεῖναι,</span> <span class='ocrx_word' id='word_1_311' title='bbox 1496 2376 1586 2427; x_wconf 78' lang='grc' dir='ltr'>τοῦ</span> <span class='ocrx_word' id='word_1_312' title='bbox 1601 2377 1761 2441; x_wconf 82' lang='grc' dir='ltr'>ἁγίου</span> 
     </span>
    </p>
   </div>
   <div class='ocr_carea' id='block_1_42' title="bbox 191 2449 1763 2540">
    <p class='ocr_par' dir='ltr' id='par_1_42' title="bbox 191 2454 1763 2540">
     <span class='ocr_line' id='line_1_42' title="bbox 191 2454 1763 2540; baseline 0.008 -28"><span class='ocrx_word' id='word_1_313' title='bbox 191 2454 512 2529; x_wconf 81' lang='grc' dir='ltr'>Πνεύματος</span> <span class='ocrx_word' id='word_1_314' title='bbox 552 2461 623 2531; x_wconf 81' lang='grc' dir='ltr'>μὴ</span> <span class='ocrx_word' id='word_1_315' title='bbox 658 2465 961 2534; x_wconf 58' lang='grc' dir='ltr'>ἀπτομέτο.)</span> <span class='ocrx_word' id='word_1_316' title='bbox 1002 2468 1105 2517; x_wconf 66' lang='grc' dir='ltr'><strong>’ὧν</strong></span> <span class='ocrx_word' id='word_1_317' title='bbox 1138 2471 1492 2537; x_wconf 74' lang='grc' dir='ltr'>προφητικῶν</span> <span class='ocrx_word' id='word_1_318' title='bbox 1524 2470 1763 2540; x_wconf 77' lang='grc' dir='ltr'>καρδιῶν</span> 
     </span>
    </p>
   </div>
   <div class='ocr_carea' id='block_1_43' title="bbox 190 2552 1763 2628">
    <p class='ocr_par' dir='ltr' id='par_1_43' title="bbox 190 2552 1763 2628">
     <span class='ocr_line' id='line_1_43' title="bbox 190 2552 1763 2628; baseline 0.007 -26"><span class='ocrx_word' id='word_1_319' title='bbox 190 2552 253 2603; x_wconf 79' lang='lat' dir='ltr'><strong>tv</strong></span> <span class='ocrx_word' id='word_1_320' title='bbox 276 2553 397 2613; x_wconf 83' lang='grc' dir='ltr'>ταῖς</span> <span class='ocrx_word' id='word_1_321' title='bbox 424 2554 656 2621; x_wconf 73' lang='grc' dir='ltr'>πράξεσι</span> <span class='ocrx_word' id='word_1_322' title='bbox 690 2555 795 2608; x_wconf 83' lang='grc' dir='ltr'><strong>τῶν</strong></span> <span class='ocrx_word' id='word_1_323' title='bbox 824 2559 1072 2627; x_wconf 57' lang='grc' dir='ltr'>ἀφροόιδζ</span> <span class='ocrx_word' id='word_1_324' title='bbox 1094 2578 1167 2621; x_wconf 72' lang='grc' dir='ltr'>ον,</span> <span class='ocrx_word' id='word_1_325' title='bbox 1204 2559 1280 2622; x_wconf 83' lang='grc' dir='ltr'>ὥς</span> <span class='ocrx_word' id='word_1_326' title='bbox 1310 2577 1476 2628; x_wconf 74' lang='grc' dir='ltr'>φησιν</span> <span class='ocrx_word' id='word_1_327' title='bbox 1512 2560 1763 2628; x_wconf 76' lang='grc' dir='ltr'>Ἱερώνυ·</span> 
     </span>
    </p>
   </div>
   <div class='ocr_carea' id='block_1_44' title="bbox 191 2646 1762 2717">
    <p class='ocr_par' dir='ltr' id='par_1_44' title="bbox 191 2646 1762 2717">
     <span class='ocr_line' id='line_1_44' title="bbox 191 2646 1762 2717; baseline 0.004 -21"><span class='ocrx_word' id='word_1_328' title='bbox 191 2660 319 2714; x_wconf 77' lang='grc' dir='ltr'>μσς.</span> <span class='ocrx_word' id='word_1_329' title='bbox 355 2646 463 2698; x_wconf 77' lang='grc' dir='ltr'><strong>Καὶ</strong></span> <span class='ocrx_word' id='word_1_330' title='bbox 484 2649 510 2698; x_wconf 90' lang='lat'><strong>6</strong></span> <span class='ocrx_word' id='word_1_331' title='bbox 546 2647 829 2716; x_wconf 79' lang='grc' dir='ltr'>φιλόσοφος</span> <span class='ocrx_word' id='word_1_332' title='bbox 858 2649 914 2703; x_wconf 76' lang='grc' dir='ltr'>δέ</span> <span class='ocrx_word' id='word_1_333' title='bbox 940 2667 1127 2717; x_wconf 78' lang='grc' dir='ltr'>φησιν,</span> <span class='ocrx_word' id='word_1_334' title='bbox 1150 2650 1223 2713; x_wconf 85' lang='grc' dir='ltr'>ὡς</span> <span class='ocrx_word' id='word_1_335' title='bbox 1253 2653 1308 2703; x_wconf 83' lang='lat' dir='ltr'><strong>tv</strong></span> <span class='ocrx_word' id='word_1_336' title='bbox 1334 2654 1452 2715; x_wconf 85' lang='grc' dir='ltr'>ταῖς</span> <span class='ocrx_word' id='word_1_337' title='bbox 1483 2654 1762 2714; x_wconf 83' lang='grc' dir='ltr'>τοιαύταις</span> 
     </span>
    </p>
   </div>
   <div class='ocr_carea' id='block_1_45' title="bbox 186 2733 1762 2811">
    <p class='ocr_par' dir='ltr' id='par_1_45' title="bbox 186 2733 1762 2811">
     <span class='ocr_line' id='line_1_45' title="bbox 186 2733 1762 2811; baseline 0.005 -25"><span class='ocrx_word' id='word_1_338' title='bbox 186 2733 499 2805; x_wconf 64' lang='grc' dir='ltr'>ἐνεργείαις</span> <span class='ocrx_word' id='word_1_339' title='bbox 526 2736 781 2792; x_wconf 85' lang='grc' dir='ltr'>ἀδύνατόν</span> <span class='ocrx_word' id='word_1_340' title='bbox 809 2740 958 2793; x_wconf 73' lang='grc' dir='ltr'>ἐστιν</span> <span class='ocrx_word' id='word_1_341' title='bbox 978 2743 1067 2793; x_wconf 76' lang='grc' dir='ltr'><strong>τὸν</strong></span> <span class='ocrx_word' id='word_1_342' title='bbox 1095 2742 1383 2811; x_wconf 77' lang='grc' dir='ltr'>ἄνθρωπον</span> <span class='ocrx_word' id='word_1_343' title='bbox 1415 2745 1573 2796; x_wconf 83' lang='grc' dir='ltr'>νοεῖν.</span> <span class='ocrx_word' id='word_1_344' title='bbox 1604 2743 1762 2797; x_wconf 86' lang='grc' dir='ltr'>Ἔστι</span> 
     </span>
    </p>
   </div>
   <div class='ocr_carea' id='block_1_46' title="bbox 187 2828 1763 2902">
    <p class='ocr_par' dir='ltr' id='par_1_46' title="bbox 187 2828 1763 2902">
     <span class='ocr_line' id='line_1_46' title="bbox 187 2828 1763 2902; baseline 0.003 -20"><span class='ocrx_word' id='word_1_345' title='bbox 187 2828 375 2881; x_wconf 77' lang='grc' dir='ltr'>τοίνυν</span> <span class='ocrx_word' id='word_1_346' title='bbox 394 2829 672 2891; x_wconf 78' lang='grc' dir='ltr'>παντελῶς</span> <span class='ocrx_word' id='word_1_347' title='bbox 704 2830 894 2898; x_wconf 81' lang='grc' dir='ltr'>ἄλογον</span> <span class='ocrx_word' id='word_1_348' title='bbox 914 2830 1056 2885; x_wconf 76' lang='grc' dir='ltr'>οὕτω</span> <span class='ocrx_word' id='word_1_349' title='bbox 1073 2832 1445 2902; x_wconf 64' lang='grc' dir='ltr'>σαι-δημώδους</span> <span class='ocrx_word' id='word_1_350' title='bbox 1476 2834 1640 2902; x_wconf 85' lang='grc' dir='ltr'>νόμου</span> <span class='ocrx_word' id='word_1_351' title='bbox 1666 2833 1763 2901; x_wconf 84' lang='grc' dir='ltr'><strong>(ὡς</strong></span> 
     </span>
    </p>
   </div>
   <div class='ocr_carea' id='block_1_47' title="bbox 186 2918 1763 2992">
    <p class='ocr_par' dir='ltr' id='par_1_47' title="bbox 186 2918 1763 2992">
     <span class='ocr_line' id='line_1_47' title="bbox 186 2918 1763 2992; baseline 0.003 -21"><span class='ocrx_word' id='word_1_352' title='bbox 186 2918 349 2971; x_wconf 83' lang='grc' dir='ltr'>αύτοί</span> <span class='ocrx_word' id='word_1_353' title='bbox 367 2918 519 2987; x_wconf 85' lang='grc' dir='ltr'>φασι)</span> <span class='ocrx_word' id='word_1_354' title='bbox 540 2921 789 2975; x_wconf 83' lang='grc' dir='ltr'>διάκονον</span> <span class='ocrx_word' id='word_1_355' title='bbox 810 2922 903 2974; x_wconf 71' lang='grc' dir='ltr'><strong>καὶ</strong></span> <span class='ocrx_word' id='word_1_356' title='bbox 923 2924 1207 2992; x_wconf 80' lang='grc' dir='ltr'>προφήτην</span> <span class='ocrx_word' id='word_1_357' title='bbox 1231 2940 1297 2976; x_wconf 90' lang='grc' dir='ltr'><strong>σα</strong></span> <span class='ocrx_word' id='word_1_358' title='bbox 1307 2923 1643 2992; x_wconf 86' lang='grc' dir='ltr'>ρκικώτατον</span> <span class='ocrx_word' id='word_1_359' title='bbox 1669 2926 1763 2976; x_wconf 75' lang='grc' dir='ltr'>καὶ</span> 
     </span>
    </p>
   </div>
   <div class='ocr_carea' id='block_1_48' title="bbox 1866 1922 3434 1996">
    <p class='ocr_par' dir='ltr' id='par_1_48' title="bbox 1866 1922 3434 1996">
     <span class='ocr_line' id='line_1_48' title="bbox 1866 1922 3434 1996; baseline -0.001 -16"><span class='ocrx_word' id='word_1_360' title='bbox 1866 1928 1977 1980; x_wconf 90' lang='lat' dir='ltr'><strong>nim</strong></span> <span class='ocrx_word' id='word_1_361' title='bbox 2009 1922 2125 1996; x_wconf 79' lang='lat' dir='ltr'><strong>ipse</strong></span> <span class='ocrx_word' id='word_1_362' title='bbox 2155 1926 2501 1979; x_wconf 85' lang='lat' dir='ltr'><strong>Mahomctus</strong></span> <span class='ocrx_word' id='word_1_363' title='bbox 2531 1923 2668 1979; x_wconf 86' lang='lat' dir='ltr'><strong>dicit</strong></span> <span class='ocrx_word' id='word_1_364' title='bbox 2703 1943 2717 1978; x_wconf 89' lang='lat'><strong>:</strong></span> <span class='ocrx_word' id='word_1_365' title='bbox 2757 1924 2980 1977; x_wconf 82' lang='lat' dir='ltr'><strong>Nullum</strong></span> <span class='ocrx_word' id='word_1_366' title='bbox 3021 1925 3196 1993; x_wconf 89' lang='lat' dir='ltr'><strong>majus</strong></span> <span class='ocrx_word' id='word_1_367' title='bbox 3232 1939 3434 1993; x_wconf 81' lang='lat' dir='ltr'><strong>pecca-</strong></span> 
     </span>
    </p>
   </div>
   <div class='ocr_carea' id='block_1_49' title="bbox 1866 2014 3432 2085">
    <p class='ocr_par' dir='ltr' id='par_1_49' title="bbox 1866 2014 3432 2085">
     <span class='ocr_line' id='line_1_49' title="bbox 1866 2014 3432 2085; baseline -0.004 -13"><span class='ocrx_word' id='word_1_368' title='bbox 1866 2027 1982 2072; x_wconf 89' lang='lat' dir='ltr'><strong>tum</strong></span> <span class='ocrx_word' id='word_1_369' title='bbox 2017 2026 2122 2079; x_wconf 89' lang='lat' dir='ltr'><strong>est,</strong></span> <span class='ocrx_word' id='word_1_370' title='bbox 2159 2030 2321 2085; x_wconf 89' lang='lat' dir='ltr'><strong>quam</strong></span> <span class='ocrx_word' id='word_1_371' title='bbox 2379 2015 2490 2067; x_wconf 92' lang='lat' dir='ltr'><strong>Deo</strong></span> <span class='ocrx_word' id='word_1_372' title='bbox 2537 2014 2880 2067; x_wconf 89' lang='lat' dir='ltr'><strong>mendacium</strong></span> <span class='ocrx_word' id='word_1_373' title='bbox 2938 2014 3244 2083; x_wconf 73' lang='lat' dir='ltr'><strong>iniungere.</strong></span> <span class='ocrx_word' id='word_1_374' title='bbox 3294 2015 3432 2067; x_wconf 82' lang='lat' dir='ltr'><strong>Item</strong></span> 
     </span>
    </p>
   </div>
   <div class='ocr_carea' id='block_1_50' title="bbox 1864 2094 3432 2175">
    <p class='ocr_par' dir='ltr' id='par_1_50' title="bbox 1864 2094 3432 2175">
     <span class='ocr_line' id='line_1_50' title="bbox 1864 2094 3432 2175; baseline -0.004 -13"><span class='ocrx_word' id='word_1_375' title='bbox 1864 2109 2076 2162; x_wconf 90' lang='lat' dir='ltr'><strong>nullum</strong></span> <span class='ocrx_word' id='word_1_376' title='bbox 2107 2102 2301 2162; x_wconf 80' lang='lat' dir='ltr'><strong>estsic</strong></span> <span class='ocrx_word' id='word_1_377' title='bbox 2344 2108 2487 2160; x_wconf 85' lang='lat' dir='ltr'><strong>inter</strong></span> <span class='ocrx_word' id='word_1_378' title='bbox 2528 2104 2824 2175; x_wconf 86' lang='lat' dir='ltr'><strong>pr0phetas</strong></span> <span class='ocrx_word' id='word_1_379' title='bbox 2851 2116 3134 2172; x_wconf 85' lang='lat' dir='ltr'><strong>peccatum</strong></span> <span class='ocrx_word' id='word_1_380' title='bbox 3166 2094 3432 2157; x_wconf 85' lang='lat' dir='ltr'><strong>intolera-</strong></span> 
     </span>
    </p>
   </div>
   <div class='ocr_carea' id='block_1_51' title="bbox 1866 2194 3431 2266">
    <p class='ocr_par' dir='ltr' id='par_1_51' title="bbox 1866 2194 3431 2266">
     <span class='ocr_line' id='line_1_51' title="bbox 1866 2194 3431 2266; baseline -0.004 -11"><span class='ocrx_word' id='word_1_381' title='bbox 1866 2202 1997 2265; x_wconf 83' lang='lat' dir='ltr'><strong>bile,</strong></span> <span class='ocrx_word' id='word_1_382' title='bbox 2030 2200 2175 2254; x_wconf 89' lang='lat' dir='ltr'><strong>sicut</strong></span> <span class='ocrx_word' id='word_1_383' title='bbox 2222 2199 2277 2251; x_wconf 90' lang='lat' dir='ltr'><strong>iu</strong></span> <span class='ocrx_word' id='word_1_384' title='bbox 2329 2196 2754 2266; x_wconf 83' lang='lat' dir='ltr'><strong>intemperantia</strong></span> <span class='ocrx_word' id='word_1_385' title='bbox 2788 2204 2846 2249; x_wconf 91' lang='lat' dir='ltr'><strong>et</strong></span> <span class='ocrx_word' id='word_1_386' title='bbox 2879 2194 3227 2248; x_wconf 90' lang='lat' dir='ltr'><strong>immunditia</strong></span> <span class='ocrx_word' id='word_1_387' title='bbox 3264 2196 3431 2249; x_wconf 80' lang='lat' dir='ltr'><strong>simul</strong></span> 
     </span>
    </p>
   </div>
   <div class='ocr_carea' id='block_1_52' title="bbox 1866 2286 3433 2360">
    <p class='ocr_par' dir='ltr' id='par_1_52' title="bbox 1866 2286 3433 2360">
     <span class='ocr_line' id='line_1_52' title="bbox 1866 2286 3433 2360; baseline -0.003 -16"><span class='ocrx_word' id='word_1_388' title='bbox 1866 2304 2011 2354; x_wconf 89' lang='lat' dir='ltr'><strong>esse,</strong></span> <span class='ocrx_word' id='word_1_389' title='bbox 2044 2305 2171 2344; x_wconf 89' lang='lat' dir='ltr'><strong>cum</strong></span> <span class='ocrx_word' id='word_1_390' title='bbox 2204 2288 2443 2360; x_wconf 86' lang='lat' dir='ltr'><strong>Spiritus</strong></span> <span class='ocrx_word' id='word_1_391' title='bbox 2471 2298 2696 2342; x_wconf 87' lang='lat' dir='ltr'><strong>sanctus</strong></span> <span class='ocrx_word' id='word_1_392' title='bbox 2746 2302 2856 2340; x_wconf 92' lang='lat' dir='ltr'><strong>non</strong></span> <span class='ocrx_word' id='word_1_393' title='bbox 2901 2295 3086 2355; x_wconf 79' lang='lat' dir='ltr'><strong>tangat</strong></span> <span class='ocrx_word' id='word_1_394' title='bbox 3115 2286 3433 2354; x_wconf 81' lang='lat' dir='ltr'><strong>prophetica</strong></span> 
     </span>
    </p>
   </div>
   <div class='ocr_carea' id='block_1_53' title="bbox 1865 2377 3431 2446">
    <p class='ocr_par' dir='ltr' id='par_1_53' title="bbox 1865 2377 3431 2446">
     <span class='ocr_line' id='line_1_53' title="bbox 1865 2377 3431 2446; baseline -0.001 -12"><span class='ocrx_word' id='word_1_395' title='bbox 1865 2380 2037 2434; x_wconf 88' lang='lat' dir='ltr'><strong>corda</strong></span> <span class='ocrx_word' id='word_1_396' title='bbox 2067 2381 2122 2433; x_wconf 93' lang='lat' dir='ltr'><strong>in</strong></span> <span class='ocrx_word' id='word_1_397' title='bbox 2155 2379 2465 2433; x_wconf 88' lang='lat' dir='ltr'><strong>actionibus</strong></span> <span class='ocrx_word' id='word_1_398' title='bbox 2491 2378 2761 2443; x_wconf 84' lang='lat' dir='ltr'><strong>venereis,</strong></span> <span class='ocrx_word' id='word_1_399' title='bbox 2796 2386 2855 2429; x_wconf 91' lang='lat' dir='ltr'><strong>ut</strong></span> <span class='ocrx_word' id='word_1_400' title='bbox 2878 2377 3012 2430; x_wconf 84' lang='lat' dir='ltr'><strong>dicit</strong></span> <span class='ocrx_word' id='word_1_401' title='bbox 3038 2377 3431 2446; x_wconf 71' lang='lat' dir='ltr'><strong>Hieronymus:</strong></span> 
     </span>
    </p>
   </div>
   <div class='ocr_carea' id='block_1_54' title="bbox 1865 2468 3431 2539">
    <p class='ocr_par' dir='ltr' id='par_1_54' title="bbox 1865 2468 3431 2539">
     <span class='ocr_line' id='line_1_54' title="bbox 1865 2468 3431 2539; baseline -0.003 -14"><span class='ocrx_word' id='word_1_402' title='bbox 1865 2482 1921 2526; x_wconf 90' lang='lat' dir='ltr'><strong>et</strong></span> <span class='ocrx_word' id='word_1_403' title='bbox 1960 2469 2327 2539; x_wconf 88' lang='lat' dir='ltr'><strong>philosophus</strong></span> <span class='ocrx_word' id='word_1_404' title='bbox 2357 2483 2582 2538; x_wconf 82' lang='lat' dir='ltr'><strong>quoque</strong></span> <span class='ocrx_word' id='word_1_405' title='bbox 2619 2468 2775 2531; x_wconf 90' lang='lat' dir='ltr'><strong>dicit,</strong></span> <span class='ocrx_word' id='word_1_406' title='bbox 2806 2469 2954 2537; x_wconf 85' lang='lat' dir='ltr'><strong>quod</strong></span> <span class='ocrx_word' id='word_1_407' title='bbox 2994 2468 3049 2521; x_wconf 93' lang='lat' dir='ltr'><strong>in</strong></span> <span class='ocrx_word' id='word_1_408' title='bbox 3088 2468 3293 2521; x_wconf 80' lang='lat' dir='ltr'><strong>talibus</strong></span> <span class='ocrx_word' id='word_1_409' title='bbox 3331 2482 3431 2521; x_wconf 83' lang='lat' dir='ltr'><strong>ac-</strong></span> 
     </span>
    </p>
   </div>
   <div class='ocr_carea' id='block_1_55' title="bbox 1867 2557 3435 2627">
    <p class='ocr_par' dir='ltr' id='par_1_55' title="bbox 1867 2557 3435 2627">
     <span class='ocr_line' id='line_1_55' title="bbox 1867 2557 3435 2627; baseline -0.003 -13"><span class='ocrx_word' id='word_1_410' title='bbox 1867 2560 2114 2615; x_wconf 89' lang='lat' dir='ltr'><strong>tionibus</strong></span> <span class='ocrx_word' id='word_1_411' title='bbox 2167 2559 2503 2625; x_wconf 87' lang='lat' dir='ltr'><strong>impossibile</strong></span> <span class='ocrx_word' id='word_1_412' title='bbox 2555 2567 2639 2612; x_wconf 91' lang='lat' dir='ltr'><strong>cst</strong></span> <span class='ocrx_word' id='word_1_413' title='bbox 2692 2558 2970 2611; x_wconf 86' lang='lat' dir='ltr'><strong>hominem</strong></span> <span class='ocrx_word' id='word_1_414' title='bbox 3004 2559 3300 2627; x_wconf 73' lang='lat' dir='ltr'><strong>speculari.</strong></span> <span class='ocrx_word' id='word_1_415' title='bbox 3335 2557 3435 2610; x_wconf 78' lang='lat' dir='ltr'><strong>Est</strong></span> 
     </span>
    </p>
   </div>
   <div class='ocr_carea' id='block_1_56' title="bbox 1867 2648 3434 2720">
    <p class='ocr_par' dir='ltr' id='par_1_56' title="bbox 1867 2648 3434 2720">
     <span class='ocr_line' id='line_1_56' title="bbox 1867 2648 3434 2720; baseline -0.002 -17"><span class='ocrx_word' id='word_1_416' title='bbox 1867 2651 2035 2720; x_wconf 74' lang='lat' dir='ltr'><strong>igitur</strong></span> <span class='ocrx_word' id='word_1_417' title='bbox 2057 2649 2306 2716; x_wconf 76' lang='lat' dir='ltr'><strong>,omuiuo</strong></span> <span class='ocrx_word' id='word_1_418' title='bbox 2348 2648 2748 2709; x_wconf 86' lang='lat' dir='ltr'><strong>irrationabile,</strong></span> <span class='ocrx_word' id='word_1_419' title='bbox 2783 2648 2862 2701; x_wconf 84' lang='lat' dir='ltr'><strong>sic</strong></span> <span class='ocrx_word' id='word_1_420' title='bbox 2896 2649 3150 2701; x_wconf 80' lang='lat' dir='ltr'><strong>salutaris</strong></span> <span class='ocrx_word' id='word_1_421' title='bbox 3182 2648 3321 2716; x_wconf 77' lang='lat' dir='ltr'><strong>legis</strong></span> <span class='ocrx_word' id='word_1_422' title='bbox 3346 2648 3434 2713; x_wconf 89' lang='lat' dir='ltr'><strong>(nt</strong></span> 
     </span>
    </p>
   </div>
   <div class='ocr_carea' id='block_1_57' title="bbox 1866 2737 3432 2811">
    <p class='ocr_par' dir='ltr' id='par_1_57' title="bbox 1866 2737 3432 2811">
     <span class='ocr_line' id='line_1_57' title="bbox 1866 2737 3432 2811; baseline -0.004 -14"><span class='ocrx_word' id='word_1_423' title='bbox 1866 2742 1973 2811; x_wconf 89' lang='lat' dir='ltr'><strong>ipsi</strong></span> <span class='ocrx_word' id='word_1_424' title='bbox 2021 2740 2232 2807; x_wconf 88' lang='lat' dir='ltr'><strong>dicunt)</strong></span> <span class='ocrx_word' id='word_1_425' title='bbox 2290 2739 2603 2792; x_wconf 86' lang='lat' dir='ltr'><strong>ministrum</strong></span> <span class='ocrx_word' id='word_1_426' title='bbox 2654 2748 2707 2792; x_wconf 90' lang='lat' dir='ltr'><strong>et</strong></span> <span class='ocrx_word' id='word_1_427' title='bbox 2758 2739 3079 2809; x_wconf 77' lang='lat' dir='ltr'><strong>prophetam</strong></span> <span class='ocrx_word' id='word_1_428' title='bbox 3115 2737 3432 2791; x_wconf 79' lang='lat' dir='ltr'><strong>carnalissi-</strong></span> 
     </span>
    </p>
   </div>
   <div class='ocr_carea' id='block_1_58' title="bbox 1869 2828 3433 2905">
    <p class='ocr_par' dir='ltr' id='par_1_58' title="bbox 1869 2828 3433 2905">
     <span class='ocr_line' id='line_1_58' title="bbox 1869 2828 3433 2905; baseline 0 -23"><span class='ocrx_word' id='word_1_429' title='bbox 1869 2846 2016 2883; x_wconf 91' lang='lat' dir='ltr'><strong>mum</strong></span> <span class='ocrx_word' id='word_1_430' title='bbox 2042 2838 2099 2884; x_wconf 91' lang='lat' dir='ltr'><strong>et</strong></span> <span class='ocrx_word' id='word_1_431' title='bbox 2127 2828 2472 2884; x_wconf 90' lang='lat' dir='ltr'><strong>immundum</strong></span> <span class='ocrx_word' id='word_1_432' title='bbox 2507 2830 2785 2883; x_wconf 87' lang='lat' dir='ltr'><strong>hominem</strong></span> <span class='ocrx_word' id='word_1_433' title='bbox 2816 2844 2961 2892; x_wconf 87' lang='lat' dir='ltr'><strong>esse,</strong></span> <span class='ocrx_word' id='word_1_434' title='bbox 2992 2829 3047 2905; x_wconf 85' lang='lat' dir='ltr'><strong>in</strong></span> <span class='ocrx_word' id='word_1_435' title='bbox 3080 2844 3192 2898; x_wconf 87' lang='lat' dir='ltr'><strong>quo</strong></span> <span class='ocrx_word' id='word_1_436' title='bbox 3220 2830 3335 2900; x_wconf 83' lang='lat' dir='ltr'><strong>ipse</strong></span> <span class='ocrx_word' id='word_1_437' title='bbox 3359 2828 3433 2882; x_wconf 79' lang='lat' dir='ltr'><strong>de</strong></span> 
     </span>
    </p>
   </div>
   <div class='ocr_carea' id='block_1_59' title="bbox 1865 2920 3485 2990">
    <p class='ocr_par' dir='ltr' id='par_1_59' title="bbox 1865 2920 3485 2990">
     <span class='ocr_line' id='line_1_59' title="bbox 1865 2920 3485 2990; baseline -0.003 -14"><span class='ocrx_word' id='word_1_438' title='bbox 1865 2922 2049 2989; x_wconf 81' lang='lat' dir='ltr'><strong>seipso</strong></span> <span class='ocrx_word' id='word_1_439' title='bbox 2078 2920 2379 2989; x_wconf 78' lang='lat' dir='ltr'><strong>gloriatur;</strong></span> <span class='ocrx_word' id='word_1_440' title='bbox 2414 2928 2617 2973; x_wconf 85' lang='lat' dir='ltr'><strong>tantam</strong></span> <span class='ocrx_word' id='word_1_441' title='bbox 2659 2920 2851 2975; x_wconf 87' lang='lat' dir='ltr'><strong>dicens</strong></span> <span class='ocrx_word' id='word_1_442' title='bbox 2898 2921 2954 2973; x_wconf 90' lang='lat' dir='ltr'><strong>in</strong></span> <span class='ocrx_word' id='word_1_443' title='bbox 2990 2920 3203 2990; x_wconf 72' lang='lat' dir='ltr'><strong>agendo</strong></span> <span class='ocrx_word' id='word_1_444' title='bbox 3229 2920 3340 2972; x_wconf 76' lang='lat' dir='ltr'><strong>vim</strong></span> <span class='ocrx_word' id='word_1_445' title='bbox 3369 2929 3432 2972; x_wconf 88' lang='lat' dir='ltr'><strong>et</strong></span> <span class='ocrx_word' id='word_1_446' title='bbox 3482 2944 3485 2947; x_wconf 53' lang='grc' dir='ltr'><strong>η</strong></span> 
     </span>
    </p>
   </div>
   <div class='ocr_carea' id='block_1_60' title="bbox 186 3008 1758 3083">
    <p class='ocr_par' dir='ltr' id='par_1_60' title="bbox 186 3008 1758 3083">
     <span class='ocr_line' id='line_1_60' title="bbox 186 3008 1758 3083; baseline 0.003 -21"><span class='ocrx_word' id='word_1_447' title='bbox 186 3009 503 3080; x_wconf 75' lang='grc' dir='ltr'>ἀκάθαρτον</span> <span class='ocrx_word' id='word_1_448' title='bbox 537 3010 822 3079; x_wconf 76' lang='grc' dir='ltr'>ἄνθρωπον</span> <span class='ocrx_word' id='word_1_449' title='bbox 848 3008 1008 3077; x_wconf 78' lang='grc' dir='ltr'>εἶναι,</span> <span class='ocrx_word' id='word_1_450' title='bbox 1048 3013 1135 3080; x_wconf 79' lang='grc' dir='ltr'><strong>ἐφ’</strong></span> <span class='ocrx_word' id='word_1_451' title='bbox 1184 3008 1230 3081; x_wconf 79' lang='grc' dir='ltr'>ᾧ</span> <span class='ocrx_word' id='word_1_452' title='bbox 1285 3014 1378 3065; x_wconf 74' lang='grc' dir='ltr'>καὶ</span> <span class='ocrx_word' id='word_1_453' title='bbox 1414 3014 1579 3076; x_wconf 79' lang='grc' dir='ltr'>αὐτὸς</span> <span class='ocrx_word' id='word_1_454' title='bbox 1637 3014 1758 3083; x_wconf 67' lang='grc' dir='ltr'>περὶ</span> 
     </span>
    </p>
   </div>
   <div class='ocr_carea' id='block_1_61' title="bbox 1862 3008 3432 3083">
    <p class='ocr_par' dir='ltr' id='par_1_61' title="bbox 1866 3008 3432 3078">
     <span class='ocr_line' id='line_1_61' title="bbox 1866 3008 3432 3078; baseline -0.001 -13"><span class='ocrx_word' id='word_1_455' title='bbox 1866 3010 2199 3065; x_wconf 84' lang='lat' dir='ltr'><strong>aliluentiam</strong></span> <span class='ocrx_word' id='word_1_456' title='bbox 2221 3008 2684 3078; x_wconf 63' lang='lat' dir='ltr'><strong>intemperantia}.</strong></span> <span class='ocrx_word' id='word_1_457' title='bbox 2708 3018 2970 3078; x_wconf 86' lang='lat' dir='ltr'><strong>quantam</strong></span> <span class='ocrx_word' id='word_1_458' title='bbox 2992 3010 3047 3063; x_wconf 91' lang='lat' dir='ltr'><strong>in</strong></span> <span class='ocrx_word' id='word_1_459' title='bbox 3070 3009 3432 3078; x_wconf 73' lang='lat' dir='ltr'><strong>quadraginta</strong></span> 
     </span>
    </p>
   </div>
   <div class='ocr_carea' id='block_1_62' title="bbox 190 3097 1758 3189">
    <p class='ocr_par' dir='ltr' id='par_1_62' title="bbox 190 3097 1757 3172">
     <span class='ocr_line' id='line_1_62' title="bbox 190 3097 1757 3172; baseline 0.001 -21"><span class='ocrx_word' id='word_1_460' title='bbox 190 3099 390 3152; x_wconf 80' lang='grc' dir='ltr'>ἑαυτοῦ</span> <span class='ocrx_word' id='word_1_461' title='bbox 416 3101 757 3169; x_wconf 74' lang='grc' dir='ltr'>σεμνύνεται,</span> <span class='ocrx_word' id='word_1_462' title='bbox 789 3102 1056 3171; x_wconf 82' lang='grc' dir='ltr'>τοσαύτην</span> <span class='ocrx_word' id='word_1_463' title='bbox 1085 3097 1223 3155; x_wconf 74' lang='grc' dir='ltr'>εἷναι</span> <span class='ocrx_word' id='word_1_464' title='bbox 1246 3103 1418 3169; x_wconf 83' lang='grc' dir='ltr'>λέγων</span> <span class='ocrx_word' id='word_1_465' title='bbox 1446 3104 1504 3154; x_wconf 78' lang='lat' dir='ltr'><strong>tv</strong></span> <span class='ocrx_word' id='word_1_466' title='bbox 1534 3102 1680 3172; x_wconf 82' lang='grc' dir='ltr'>αύτῷ</span> <span class='ocrx_word' id='word_1_467' title='bbox 1701 3105 1757 3154; x_wconf 80' lang='grc' dir='ltr'><strong>ἐν</strong></span> 
     </span>
    </p>
   </div>
   <div class='ocr_carea' id='block_1_63' title="bbox 1862 3097 3431 3189">
    <p class='ocr_par' dir='ltr' id='par_1_63' title="bbox 1866 3099 3431 3169">
     <span class='ocr_line' id='line_1_63' title="bbox 1866 3099 3431 3169; baseline -0.003 -14"><span class='ocrx_word' id='word_1_468' title='bbox 1866 3102 2204 3163; x_wconf 86' lang='lat' dir='ltr'><strong>hominibus,</strong></span> <span class='ocrx_word' id='word_1_469' title='bbox 2238 3101 2340 3154; x_wconf 88' lang='lat' dir='ltr'><strong>etsi</strong></span> <span class='ocrx_word' id='word_1_470' title='bbox 2381 3100 2523 3153; x_wconf 90' lang='lat' dir='ltr'><strong>Deus</strong></span> <span class='ocrx_word' id='word_1_471' title='bbox 2578 3100 2817 3169; x_wconf 81' lang='lat' dir='ltr'><strong>privavit</strong></span> <span class='ocrx_word' id='word_1_472' title='bbox 2857 3100 3009 3154; x_wconf 83' lang='lat' dir='ltr'><strong>hunc</strong></span> <span class='ocrx_word' id='word_1_473' title='bbox 3055 3099 3291 3153; x_wconf 77' lang='lat' dir='ltr'><strong>ﬁliorum</strong></span> <span class='ocrx_word' id='word_1_474' title='bbox 3338 3114 3431 3151; x_wconf 81' lang='lat' dir='ltr'><strong>so—</strong></span> 
     </span>
    </p>
   </div>
   <div class='ocr_carea' id='block_1_64' title="bbox 188 3189 1758 3262">
    <p class='ocr_par' dir='ltr' id='par_1_64' title="bbox 188 3189 1758 3262">
     <span class='ocr_line' id='line_1_64' title="bbox 188 3189 1758 3262; baseline 0.001 -19"><span class='ocrx_word' id='word_1_475' title='bbox 188 3189 276 3260; x_wconf 81' lang='grc' dir='ltr'>τῷ</span> <span class='ocrx_word' id='word_1_476' title='bbox 323 3190 456 3261; x_wconf 78' lang='grc' dir='ltr'>δρᾷν</span> <span class='ocrx_word' id='word_1_477' title='bbox 492 3192 666 3262; x_wconf 71' lang='grc' dir='ltr'>ἰσχὺν,</span> <span class='ocrx_word' id='word_1_478' title='bbox 696 3195 791 3247; x_wconf 69' lang='grc' dir='ltr'>καὶ</span> <span class='ocrx_word' id='word_1_479' title='bbox 827 3193 1147 3262; x_wconf 85' lang='grc' dir='ltr'>περιουσίαν</span> <span class='ocrx_word' id='word_1_480' title='bbox 1187 3191 1503 3257; x_wconf 78' lang='grc' dir='ltr'>ἀκολασίας,</span> <span class='ocrx_word' id='word_1_481' title='bbox 1540 3195 1671 3258; x_wconf 84' lang='grc' dir='ltr'>ὅσην</span> <span class='ocrx_word' id='word_1_482' title='bbox 1700 3195 1758 3245; x_wconf 88' lang='lat' dir='ltr'><strong>tv</strong></span> 
     </span>
    </p>
   </div>
   <div class='ocr_carea' id='block_1_65' title="bbox 1862 3189 3427 3262">
    <p class='ocr_par' dir='ltr' id='par_1_65' title="bbox 1866 3189 3427 3252">
     <span class='ocr_line' id='line_1_65' title="bbox 1866 3189 3427 3252; baseline -0.001 -8"><span class='ocrx_word' id='word_1_483' title='bbox 1866 3191 2023 3252; x_wconf 83' lang='lat' dir='ltr'><strong>bole;</strong></span> <span class='ocrx_word' id='word_1_484' title='bbox 2057 3205 2219 3243; x_wconf 90' lang='lat' dir='ltr'><strong>unam</strong></span> <span class='ocrx_word' id='word_1_485' title='bbox 2240 3189 2388 3243; x_wconf 88' lang='lat' dir='ltr'><strong>enim</strong></span> <span class='ocrx_word' id='word_1_486' title='bbox 2414 3190 2582 3241; x_wconf 88' lang='lat' dir='ltr'><strong>solam</strong></span> <span class='ocrx_word' id='word_1_487' title='bbox 2607 3189 2862 3243; x_wconf 89' lang='lat' dir='ltr'><strong>habuisse</strong></span> <span class='ocrx_word' id='word_1_488' title='bbox 2893 3190 3057 3242; x_wconf 84' lang='lat' dir='ltr'><strong>tiliam</strong></span> <span class='ocrx_word' id='word_1_489' title='bbox 3088 3190 3312 3244; x_wconf 89' lang='lat' dir='ltr'><strong>dicitur.</strong></span> <span class='ocrx_word' id='word_1_490' title='bbox 3341 3189 3427 3243; x_wconf 81' lang='lat' dir='ltr'><strong>Ir-</strong></span> 
     </span>
    </p>
   </div>
   <div class='ocr_carea' id='block_1_66' title="bbox 193 3278 1758 3354">
    <p class='ocr_par' dir='ltr' id='par_1_66' title="bbox 193 3282 1758 3354">
     <span class='ocr_line' id='line_1_66' title="bbox 193 3282 1758 3354; baseline 0.002 -21"><span class='ocrx_word' id='word_1_491' title='bbox 193 3282 613 3352; x_wconf 82' lang='grc' dir='ltr'>τεσσαράκοντα</span> <span class='ocrx_word' id='word_1_492' title='bbox 660 3284 967 3354; x_wconf 82' lang='grc' dir='ltr'>ἀνθρώποις</span> <span class='ocrx_word' id='word_1_493' title='bbox 990 3299 1006 3315; x_wconf 83' lang='lat'><strong><em>°</em></strong></span> <span class='ocrx_word' id='word_1_494' title='bbox 1040 3286 1088 3338; x_wconf 87' lang='grc' dir='ltr'><strong>εί</strong></span> <span class='ocrx_word' id='word_1_495' title='bbox 1122 3285 1216 3338; x_wconf 78' lang='grc' dir='ltr'><strong>καὶ</strong></span> <span class='ocrx_word' id='word_1_496' title='bbox 1242 3287 1269 3338; x_wconf 92' lang='lat'><strong>6</strong></span> <span class='ocrx_word' id='word_1_497' title='bbox 1301 3284 1433 3347; x_wconf 88' lang='grc' dir='ltr'>Θεὸς</span> <span class='ocrx_word' id='word_1_498' title='bbox 1463 3284 1758 3353; x_wconf 69' lang='grc' dir='ltr'>ἐστέρησεν</span> 
     </span>
    </p>
   </div>
   <div class='ocr_carea' id='block_1_67' title="bbox 1862 3278 3428 3354">
    <p class='ocr_par' dir='ltr' id='par_1_67' title="bbox 1865 3278 3428 3349">
     <span class='ocr_line' id='line_1_67' title="bbox 1865 3278 3428 3349; baseline -0.001 -14"><span class='ocrx_word' id='word_1_499' title='bbox 1865 3278 2206 3335; x_wconf 86' lang='lat' dir='ltr'><strong>rationabilis</strong></span> <span class='ocrx_word' id='word_1_500' title='bbox 2255 3279 2423 3347; x_wconf 77' lang='lat' dir='ltr'><strong>igitur</strong></span> <span class='ocrx_word' id='word_1_501' title='bbox 2466 3279 2553 3331; x_wconf 82' lang='lat' dir='ltr'><strong>lex</strong></span> <span class='ocrx_word' id='word_1_502' title='bbox 2606 3278 2720 3332; x_wconf 77' lang='lat' dir='ltr'><strong>hzec</strong></span> <span class='ocrx_word' id='word_1_503' title='bbox 2766 3289 2992 3349; x_wconf 80' lang='lat' dir='ltr'><strong>propter</strong></span> <span class='ocrx_word' id='word_1_504' title='bbox 3038 3279 3428 3347; x_wconf 74' lang='lat' dir='ltr'><strong>legislaturem,</strong></span> 
     </span>
    </p>
   </div>
   <div class='ocr_carea' id='block_1_68' title="bbox 189 3370 1758 3445">
    <p class='ocr_par' dir='ltr' id='par_1_68' title="bbox 189 3371 1758 3445">
     <span class='ocr_line' id='line_1_68' title="bbox 189 3371 1758 3445; baseline 0.002 -21"><span class='ocrx_word' id='word_1_505' title='bbox 189 3371 386 3425; x_wconf 74' lang='grc' dir='ltr'>τοῦτον</span> <span class='ocrx_word' id='word_1_506' title='bbox 418 3372 619 3427; x_wconf 85' lang='grc' dir='ltr'>παίδων</span> <span class='ocrx_word' id='word_1_507' title='bbox 647 3374 810 3443; x_wconf 77' lang='grc' dir='ltr'>γονῆς</span> <span class='ocrx_word' id='word_1_508' title='bbox 827 3388 842 3404; x_wconf 88' lang='grc'><strong>·</strong></span> <span class='ocrx_word' id='word_1_509' title='bbox 866 3373 1134 3445; x_wconf 82' lang='grc' dir='ltr'>μίαν”γάρ</span> <span class='ocrx_word' id='word_1_510' title='bbox 1164 3374 1335 3444; x_wconf 82' lang='grc' dir='ltr'>μόνην</span> <span class='ocrx_word' id='word_1_511' title='bbox 1363 3375 1652 3444; x_wconf 77' lang='grc' dir='ltr'>ἐσχηκέναι</span> <span class='ocrx_word' id='word_1_512' title='bbox 1680 3375 1758 3428; x_wconf 81' lang='grc' dir='ltr'><strong>λέ-</strong></span> 
     </span>
    </p>
   </div>
   <div class='ocr_carea' id='block_1_69' title="bbox 1862 3370 3425 3445">
    <p class='ocr_par' dir='ltr' id='par_1_69' title="bbox 1866 3370 3425 3439">
     <span class='ocr_line' id='line_1_69' title="bbox 1866 3370 3425 3439; baseline -0.001 -15"><span class='ocrx_word' id='word_1_513' title='bbox 1866 3380 1981 3425; x_wconf 90' lang='lat' dir='ltr'><strong>tum</strong></span> <span class='ocrx_word' id='word_1_514' title='bbox 2013 3370 2142 3439; x_wconf 85' lang='lat' dir='ltr'><strong>quia</strong></span> <span class='ocrx_word' id='word_1_515' title='bbox 2180 3371 2481 3424; x_wconf 88' lang='lat' dir='ltr'><strong>sceleratus</strong></span> <span class='ocrx_word' id='word_1_516' title='bbox 2514 3378 2569 3423; x_wconf 86' lang='lat' dir='ltr'><strong>et</strong></span> <span class='ocrx_word' id='word_1_517' title='bbox 2610 3371 2863 3433; x_wconf 82' lang='lat' dir='ltr'><strong>carnalis,</strong></span> <span class='ocrx_word' id='word_1_518' title='bbox 2899 3378 3016 3423; x_wconf 90' lang='lat' dir='ltr'><strong>tum</strong></span> <span class='ocrx_word' id='word_1_519' title='bbox 3051 3370 3179 3439; x_wconf 87' lang='lat' dir='ltr'><strong>quia</strong></span> <span class='ocrx_word' id='word_1_520' title='bbox 3213 3370 3425 3423; x_wconf 81' lang='lat' dir='ltr'><strong>inscius</strong></span> 
     </span>
    </p>
   </div>
   <div class='ocr_carea' id='block_1_70' title="bbox 190 3450 1758 3535">
    <p class='ocr_par' dir='ltr' id='par_1_70' title="bbox 190 3458 1758 3535">
     <span class='ocr_line' id='line_1_70' title="bbox 190 3458 1758 3535; baseline 0.001 -21"><span class='ocrx_word' id='word_1_521' title='bbox 190 3478 353 3529; x_wconf 84' lang='grc' dir='ltr'>γεται</span> <span class='ocrx_word' id='word_1_522' title='bbox 381 3461 671 3532; x_wconf 67' lang='grc' dir='ltr'>θυγατέρα.</span> <span class='ocrx_word' id='word_1_523' title='bbox 706 3464 931 3531; x_wconf 76' lang='grc' dir='ltr'>’Δλογος</span> <span class='ocrx_word' id='word_1_524' title='bbox 957 3464 1067 3535; x_wconf 81' lang='grc' dir='ltr'><strong>γὰρ</strong></span> <span class='ocrx_word' id='word_1_525' title='bbox 1096 3466 1124 3518; x_wconf 98' lang='lat'><strong>6</strong></span> <span class='ocrx_word' id='word_1_526' title='bbox 1170 3465 1333 3533; x_wconf 85' lang='grc' dir='ltr'>νόμος</span> <span class='ocrx_word' id='word_1_527' title='bbox 1364 3458 1517 3526; x_wconf 75' lang='grc' dir='ltr'>οὗτος</span> <span class='ocrx_word' id='word_1_528' title='bbox 1542 3463 1629 3516; x_wconf 84' lang='grc' dir='ltr'>διὰ</span> <span class='ocrx_word' id='word_1_529' title='bbox 1671 3462 1758 3531; x_wconf 80' lang='grc' dir='ltr'><strong>τὸν</strong></span> 
     </span>
    </p>
   </div>
   <div class='ocr_carea' id='block_1_71' title="bbox 1862 3450 3415 3535">
    <p class='ocr_par' dir='ltr' id='par_1_71' title="bbox 1862 3450 3415 3527">
     <span class='ocr_line' id='line_1_71' title="bbox 1862 3450 3415 3527; baseline -0.001 -13"><span class='ocrx_word' id='word_1_530' title='bbox 1862 3470 1919 3514; x_wconf 93' lang='lat' dir='ltr'><strong>et</strong></span> <span class='ocrx_word' id='word_1_531' title='bbox 1937 3450 2180 3513; x_wconf 76' lang='lat' dir='ltr'><strong>incertus</strong></span> <span class='ocrx_word' id='word_1_532' title='bbox 2199 3476 2214 3523; x_wconf 85' lang='lat'><strong>;</strong></span> <span class='ocrx_word' id='word_1_533' title='bbox 2239 3458 2380 3511; x_wconf 89' lang='lat' dir='ltr'><strong>sicut</strong></span> <span class='ocrx_word' id='word_1_534' title='bbox 2407 3467 2461 3511; x_wconf 88' lang='lat' dir='ltr'><strong>et</strong></span> <span class='ocrx_word' id='word_1_535' title='bbox 2490 3457 2557 3511; x_wconf 91' lang='lat' dir='ltr'><strong>de</strong></span> <span class='ocrx_word' id='word_1_536' title='bbox 2575 3460 2755 3527; x_wconf 85' lang='lat' dir='ltr'><strong>seipso</strong></span> <span class='ocrx_word' id='word_1_537' title='bbox 2781 3468 3012 3513; x_wconf 85' lang='lat' dir='ltr'><strong>testatur</strong></span> <span class='ocrx_word' id='word_1_538' title='bbox 3034 3460 3090 3512; x_wconf 89' lang='lat' dir='ltr'><strong>iu</strong></span> <span class='ocrx_word' id='word_1_539' title='bbox 3108 3458 3378 3513; x_wconf 76' lang='lat' dir='ltr'><strong>Alcorano</strong></span> <span class='ocrx_word' id='word_1_540' title='bbox 3396 3500 3415 3522; x_wconf 84' lang='lat'><strong>,</strong></span> 
     </span>
    </p>
   </div>
   <div class='ocr_carea' id='block_1_72' title="bbox 191 3548 1758 3624">
    <p class='ocr_par' dir='ltr' id='par_1_72' title="bbox 191 3550 1758 3624">
     <span class='ocr_line' id='line_1_72' title="bbox 191 3550 1758 3624; baseline 0 -21"><span class='ocrx_word' id='word_1_541' title='bbox 191 3550 514 3621; x_wconf 74' lang='grc' dir='ltr'>νομοθέτην,</span> <span class='ocrx_word' id='word_1_542' title='bbox 542 3551 698 3607; x_wconf 81' lang='grc' dir='ltr'>τοῦτο</span> <span class='ocrx_word' id='word_1_543' title='bbox 727 3553 825 3621; x_wconf 81' lang='grc' dir='ltr'>μὲν</span> <span class='ocrx_word' id='word_1_544' title='bbox 858 3553 935 3617; x_wconf 86' lang='grc' dir='ltr'>ὡς</span> <span class='ocrx_word' id='word_1_545' title='bbox 962 3554 1175 3608; x_wconf 85' lang='grc' dir='ltr'>ἀνόσιον</span> <span class='ocrx_word' id='word_1_546' title='bbox 1201 3555 1296 3606; x_wconf 75' lang='grc' dir='ltr'>καὶ</span> <span class='ocrx_word' id='word_1_547' title='bbox 1326 3557 1588 3624; x_wconf 85' lang='grc' dir='ltr'>σαρκικὸν</span> <span class='ocrx_word' id='word_1_548' title='bbox 1621 3568 1758 3605; x_wconf 84' lang='grc' dir='ltr'>παν-</span> 
     </span>
    </p>
   </div>
   <div class='ocr_carea' id='block_1_73' title="bbox 1862 3548 3429 3624">
    <p class='ocr_par' dir='ltr' id='par_1_73' title="bbox 1868 3548 3429 3620">
     <span class='ocr_line' id='line_1_73' title="bbox 1868 3548 3429 3620; baseline 0 -16"><span class='ocrx_word' id='word_1_549' title='bbox 1868 3550 2083 3605; x_wconf 88' lang='lat' dir='ltr'><strong>nescire</strong></span> <span class='ocrx_word' id='word_1_550' title='bbox 2129 3564 2189 3603; x_wconf 89' lang='lat' dir='ltr'><strong>se</strong></span> <span class='ocrx_word' id='word_1_551' title='bbox 2241 3548 2374 3620; x_wconf 83' lang='lat' dir='ltr'><strong>quid</strong></span> <span class='ocrx_word' id='word_1_552' title='bbox 2419 3548 2528 3602; x_wconf 87' lang='lat' dir='ltr'><strong>erit</strong></span> <span class='ocrx_word' id='word_1_553' title='bbox 2575 3549 2625 3603; x_wconf 90' lang='lat' dir='ltr'><strong>ei</strong></span> <span class='ocrx_word' id='word_1_554' title='bbox 2677 3548 2764 3602; x_wconf 85' lang='lat' dir='ltr'><strong>vel</strong></span> <span class='ocrx_word' id='word_1_555' title='bbox 2816 3550 3125 3614; x_wconf 82' lang='lat' dir='ltr'><strong>Saracenis,</strong></span> <span class='ocrx_word' id='word_1_556' title='bbox 3175 3551 3429 3618; x_wconf 66' lang='lat' dir='ltr'><strong>ignorare</strong></span> 
     </span>
    </p>
   </div>
   <div class='ocr_carea' id='block_1_74' title="bbox 164 3640 1758 3715">
    <p class='ocr_par' dir='ltr' id='par_1_74' title="bbox 164 3640 1758 3715">
     <span class='ocr_line' id='line_1_74' title="bbox 164 3640 1758 3715; baseline 0.001 -22"><span class='ocrx_word' id='word_1_557' title='bbox 164 3640 387 3715; x_wconf 52' lang='lat' dir='ltr'><strong>1015c,</strong></span> <span class='ocrx_word' id='word_1_558' title='bbox 420 3641 577 3697; x_wconf 79' lang='grc' dir='ltr'>τοῦτο</span> <span class='ocrx_word' id='word_1_559' title='bbox 605 3642 664 3696; x_wconf 73' lang='grc' dir='ltr'>δὶ</span> <span class='ocrx_word' id='word_1_560' title='bbox 710 3644 802 3697; x_wconf 79' lang='grc' dir='ltr'>καὶ</span> <span class='ocrx_word' id='word_1_561' title='bbox 826 3644 903 3708; x_wconf 82' lang='grc' dir='ltr'>ὡς</span> <span class='ocrx_word' id='word_1_562' title='bbox 945 3643 1199 3697; x_wconf 82' lang='grc' dir='ltr'>τοσοῦτον</span> <span class='ocrx_word' id='word_1_563' title='bbox 1226 3646 1385 3705; x_wconf 75' lang='grc' dir='ltr'>ἄνουν</span> <span class='ocrx_word' id='word_1_564' title='bbox 1417 3661 1476 3696; x_wconf 87' lang='grc' dir='ltr'><strong>τε</strong></span> <span class='ocrx_word' id='word_1_565' title='bbox 1511 3644 1606 3697; x_wconf 76' lang='grc' dir='ltr'><strong>καὶ</strong></span> <span class='ocrx_word' id='word_1_566' title='bbox 1633 3642 1758 3697; x_wconf 78' lang='grc' dir='ltr'>ἀδέ-</span> 
     </span>
    </p>
   </div>
   <div class='ocr_carea' id='block_1_75' title="bbox 1862 3640 3315 3715">
    <p class='ocr_par' dir='ltr' id='par_1_75' title="bbox 1867 3640 3315 3708">
     <span class='ocr_line' id='line_1_75' title="bbox 1867 3640 3315 3708; baseline 0.003 -15"><span class='ocrx_word' id='word_1_567' title='bbox 1867 3648 2051 3693; x_wconf 91' lang='lat' dir='ltr'><strong>utrum</strong></span> <span class='ocrx_word' id='word_1_568' title='bbox 2082 3640 2201 3708; x_wconf 89' lang='lat' dir='ltr'><strong>ipse</strong></span> <span class='ocrx_word' id='word_1_569' title='bbox 2230 3640 2313 3692; x_wconf 85' lang='lat' dir='ltr'><strong>vel</strong></span> <span class='ocrx_word' id='word_1_570' title='bbox 2342 3640 2442 3708; x_wconf 83' lang='lat' dir='ltr'><strong>ipsi</strong></span> <span class='ocrx_word' id='word_1_571' title='bbox 2473 3640 2526 3693; x_wconf 93' lang='lat' dir='ltr'><strong>in</strong></span> <span class='ocrx_word' id='word_1_572' title='bbox 2558 3641 2641 3693; x_wconf 89' lang='lat' dir='ltr'><strong>via</strong></span> <span class='ocrx_word' id='word_1_573' title='bbox 2678 3641 2870 3696; x_wconf 87' lang='lat' dir='ltr'><strong>salutis</strong></span> <span class='ocrx_word' id='word_1_574' title='bbox 2897 3642 3031 3706; x_wconf 87' lang='lat' dir='ltr'><strong>sint,</strong></span> <span class='ocrx_word' id='word_1_575' title='bbox 3063 3643 3150 3697; x_wconf 77' lang='lat' dir='ltr'><strong>vel</strong></span> <span class='ocrx_word' id='word_1_576' title='bbox 3180 3658 3315 3697; x_wconf 79' lang='lat' dir='ltr'><strong>non.</strong></span> 
     </span>
    </p>
   </div>
   <div class='ocr_carea' id='block_1_76' title="bbox 190 3732 3424 3811">
    <p class='ocr_par' dir='ltr' id='par_1_76' title="bbox 190 3732 3424 3811">
     <span class='ocr_line' id='line_1_76' title="bbox 190 3732 3424 3811; baseline -0 -21"><span class='ocrx_word' id='word_1_577' title='bbox 190 3736 375 3807; x_wconf 76' lang='grc' dir='ltr'>σαιον,</span> <span class='ocrx_word' id='word_1_578' title='bbox 402 3738 480 3801; x_wconf 81' lang='grc' dir='ltr'>ὡς</span> <span class='ocrx_word' id='word_1_579' title='bbox 515 3738 609 3794; x_wconf 77' lang='grc' dir='ltr'>καὶ</span> <span class='ocrx_word' id='word_1_580' title='bbox 646 3738 774 3809; x_wconf 81' lang='grc' dir='ltr'>περὶ</span> <span class='ocrx_word' id='word_1_581' title='bbox 805 3739 969 3791; x_wconf 81' lang='grc' dir='ltr'>αὑτοῦ</span> <span class='ocrx_word' id='word_1_582' title='bbox 1000 3742 1312 3811; x_wconf 83' lang='grc' dir='ltr'>μαρτυρεῖν</span> <span class='ocrx_word' id='word_1_583' title='bbox 1335 3740 1393 3793; x_wconf 85' lang='lat' dir='ltr'><strong>tv</strong></span> <span class='ocrx_word' id='word_1_584' title='bbox 1437 3739 1514 3808; x_wconf 85' lang='grc' dir='ltr'>τῷ</span> <span class='ocrx_word' id='word_1_585' title='bbox 1569 3734 1875 3805; x_wconf 81' lang='grc' dir='ltr'>’Δλκοράνῳ</span> <span class='ocrx_word' id='word_1_586' title='bbox 1907 3735 1982 3805; x_wconf 80' lang='grc' dir='ltr'>μὴ</span> <span class='ocrx_word' id='word_1_587' title='bbox 2003 3732 2199 3788; x_wconf 78' lang='grc' dir='ltr'>εἰδέναι</span> <span class='ocrx_word' id='word_1_588' title='bbox 2246 3734 2301 3786; x_wconf 89' lang='grc' dir='ltr'><strong>τί</strong></span> <span class='ocrx_word' id='word_1_589' title='bbox 2364 3733 2513 3786; x_wconf 75' lang='grc' dir='ltr'>ἔσται</span> <span class='ocrx_word' id='word_1_590' title='bbox 2542 3735 2689 3805; x_wconf 88' lang='grc' dir='ltr'>αύτῷ</span> <span class='ocrx_word' id='word_1_591' title='bbox 2709 3775 2724 3801; x_wconf 88' lang='grc'><strong><em>,</em></strong></span> <span class='ocrx_word' id='word_1_592' title='bbox 2756 3736 2789 3804; x_wconf 76' lang='grc' dir='ltr'>ἢ</span> <span class='ocrx_word' id='word_1_593' title='bbox 2850 3738 2965 3799; x_wconf 80' lang='grc' dir='ltr'>τοῖς</span> <span class='ocrx_word' id='word_1_594' title='bbox 3020 3738 3424 3807; x_wconf 64' lang='lat' dir='ltr'><strong>2166ch.;-</strong></span> 
     </span>
    </p>
   </div>
   <div class='ocr_carea' id='block_1_77' title="bbox 188 3825 2931 3901">
    <p class='ocr_par' dir='ltr' id='par_1_77' title="bbox 188 3825 2931 3901">
     <span class='ocr_line' id='line_1_77' title="bbox 188 3825 2931 3901; baseline -0.004 -13"><span class='ocrx_word' id='word_1_595' title='bbox 188 3833 292 3889; x_wconf 67' lang='grc' dir='ltr'>καὶ</span> <span class='ocrx_word' id='word_1_596' title='bbox 322 3832 535 3898; x_wconf 74' lang='grc' dir='ltr'>ἀγνοεῖν</span> <span class='ocrx_word' id='word_1_597' title='bbox 579 3831 805 3899; x_wconf 70' lang='grc' dir='ltr'>πότερον</span> <span class='ocrx_word' id='word_1_598' title='bbox 840 3831 1022 3897; x_wconf 79' lang='grc' dir='ltr'>αὐτὸς,</span> <span class='ocrx_word' id='word_1_599' title='bbox 1067 3832 1102 3901; x_wconf 76' lang='grc' dir='ltr'><strong>ἢ</strong></span> <span class='ocrx_word' id='word_1_600' title='bbox 1145 3832 1241 3885; x_wconf 74' lang='grc' dir='ltr'><strong>καὶ</strong></span> <span class='ocrx_word' id='word_1_601' title='bbox 1267 3832 1441 3895; x_wconf 69' lang='grc' dir='ltr'>αὐτοὶ,</span> <span class='ocrx_word' id='word_1_602' title='bbox 1470 3834 1528 3883; x_wconf 89' lang='lat' dir='ltr'><strong>tv</strong></span> <span class='ocrx_word' id='word_1_603' title='bbox 1561 3834 1627 3900; x_wconf 86' lang='grc' dir='ltr'>τῇ</span> <span class='ocrx_word' id='word_1_604' title='bbox 1652 3830 1755 3899; x_wconf 80' lang='grc' dir='ltr'>ὁδῷ</span> <span class='ocrx_word' id='word_1_605' title='bbox 1791 3829 1889 3899; x_wconf 79' lang='grc' dir='ltr'>τῆς</span> <span class='ocrx_word' id='word_1_606' title='bbox 1920 3826 2196 3897; x_wconf 79' lang='grc' dir='ltr'>σωτηρίας</span> <span class='ocrx_word' id='word_1_607' title='bbox 2223 3825 2382 3890; x_wconf 73' lang='grc' dir='ltr'>εἰσὶν,</span> <span class='ocrx_word' id='word_1_608' title='bbox 2417 3826 2450 3895; x_wconf 80' lang='grc' dir='ltr'>ἦ</span> <span class='ocrx_word' id='word_1_609' title='bbox 2481 3826 2564 3880; x_wconf 84' lang='lat'><em>06.</em></span> <span class='ocrx_word' id='word_1_610' title='bbox 2928 3844 2931 3845; x_wconf 65' lang='lat'><strong><em>&#39;</em></strong></span> 
     </span>
    </p>
   </div>
   <div class='ocr_carea' id='block_1_78' title="bbox 278 3908 1758 3990">
    <p class='ocr_par' dir='ltr' id='par_1_78' title="bbox 278 3908 1758 3990">
     <span class='ocr_line' id='line_1_78' title="bbox 278 3908 1758 3990; baseline 0 -16"><span class='ocrx_word' id='word_1_611' title='bbox 278 3921 421 3975; x_wconf 75' lang='grc' dir='ltr'>Ἀλλ’</span> <span class='ocrx_word' id='word_1_612' title='bbox 457 3921 579 3975; x_wconf 76' lang='grc' dir='ltr'>οὐδὲ</span> <span class='ocrx_word' id='word_1_613' title='bbox 608 3920 677 3974; x_wconf 84' lang='grc' dir='ltr'>δι’</span> <span class='ocrx_word' id='word_1_614' title='bbox 707 3922 903 3975; x_wconf 79' lang='grc' dir='ltr'>ἑαυτὸν</span> <span class='ocrx_word' id='word_1_615' title='bbox 928 3922 958 3973; x_wconf 88' lang='lat'><strong>6</strong></span> <span class='ocrx_word' id='word_1_616' title='bbox 979 3922 1141 3990; x_wconf 85' lang='grc' dir='ltr'>νόμος</span> <span class='ocrx_word' id='word_1_617' title='bbox 1166 3914 1318 3984; x_wconf 74' lang='grc' dir='ltr'>οὗτός</span> <span class='ocrx_word' id='word_1_618' title='bbox 1354 3924 1469 3974; x_wconf 79' lang='grc' dir='ltr'>ἐστι</span> <span class='ocrx_word' id='word_1_619' title='bbox 1496 3924 1636 3975; x_wconf 88' lang='grc' dir='ltr'><strong>κατά</strong></span> <span class='ocrx_word' id='word_1_620' title='bbox 1672 3908 1758 3974; x_wconf 77' lang='grc' dir='ltr'><strong>λό-</strong></span> 
     </span>
    </p>
   </div>
   <div class='ocr_carea' id='block_1_79' title="bbox 1862 3908 3423 3990">
    <p class='ocr_par' dir='ltr' id='par_1_79' title="bbox 1942 3916 3423 3987">
     <span class='ocr_line' id='line_1_79' title="bbox 1942 3916 3423 3987; baseline 0.005 -15"><span class='ocrx_word' id='word_1_621' title='bbox 1942 3916 2050 3972; x_wconf 89' lang='lat' dir='ltr'><strong>Sed</strong></span> <span class='ocrx_word' id='word_1_622' title='bbox 2078 3933 2258 3987; x_wconf 90' lang='lat' dir='ltr'><strong>neque</strong></span> <span class='ocrx_word' id='word_1_623' title='bbox 2292 3932 2391 3987; x_wconf 90' lang='lat' dir='ltr'><strong>per</strong></span> <span class='ocrx_word' id='word_1_624' title='bbox 2432 3919 2671 3987; x_wconf 90' lang='lat' dir='ltr'><strong>seipsam</strong></span> <span class='ocrx_word' id='word_1_625' title='bbox 2703 3918 2789 3974; x_wconf 88' lang='lat' dir='ltr'><strong>lex</strong></span> <span class='ocrx_word' id='word_1_626' title='bbox 2838 3920 2953 3977; x_wconf 65' lang='lat' dir='ltr'><strong>hac</strong></span> <span class='ocrx_word' id='word_1_627' title='bbox 2988 3930 3078 3977; x_wconf 88' lang='lat' dir='ltr'><strong>est</strong></span> <span class='ocrx_word' id='word_1_628' title='bbox 3122 3922 3423 3978; x_wconf 70' lang='lat' dir='ltr'><strong>secundum</strong></span> 
     </span>
    </p>
   </div>
   <div class='ocr_carea' id='block_1_80' title="bbox 187 4010 1758 4083">
    <p class='ocr_par' dir='ltr' id='par_1_80' title="bbox 187 4011 1758 4082">
     <span class='ocr_line' id='line_1_80' title="bbox 187 4011 1758 4082; baseline -0.002 -17"><span class='ocrx_word' id='word_1_629' title='bbox 187 4028 313 4080; x_wconf 81' lang='grc' dir='ltr'>γον,</span> <span class='ocrx_word' id='word_1_630' title='bbox 358 4011 516 4064; x_wconf 81' lang='grc' dir='ltr'>τοῦτο</span> <span class='ocrx_word' id='word_1_631' title='bbox 558 4011 658 4082; x_wconf 73' lang='grc' dir='ltr'>μὲν</span> <span class='ocrx_word' id='word_1_632' title='bbox 686 4012 759 4075; x_wconf 85' lang='grc' dir='ltr'><strong>ὡς</strong></span> <span class='ocrx_word' id='word_1_633' title='bbox 802 4012 943 4082; x_wconf 74' lang='grc' dir='ltr'>ἔχων</span> <span class='ocrx_word' id='word_1_634' title='bbox 967 4012 1207 4082; x_wconf 84' lang='grc' dir='ltr'>ὀνόματα</span> <span class='ocrx_word' id='word_1_635' title='bbox 1239 4014 1517 4082; x_wconf 70' lang='grc' dir='ltr'>αἴσχιστα,</span> <span class='ocrx_word' id='word_1_636' title='bbox 1551 4013 1645 4065; x_wconf 75' lang='grc' dir='ltr'>καὶ</span> <span class='ocrx_word' id='word_1_637' title='bbox 1672 4012 1758 4080; x_wconf 72' lang='grc' dir='ltr'><strong>ἐφ’</strong></span> 
     </span>
    </p>
   </div>
   <div class='ocr_carea' id='block_1_81' title="bbox 1862 4010 3426 4083">
    <p class='ocr_par' dir='ltr' id='par_1_81' title="bbox 1866 4010 3426 4083">
     <span class='ocr_line' id='line_1_81' title="bbox 1866 4010 3426 4083; baseline 0.004 -19"><span class='ocrx_word' id='word_1_638' title='bbox 1866 4010 2155 4072; x_wconf 89' lang='lat' dir='ltr'><strong>rationem,</strong></span> <span class='ocrx_word' id='word_1_639' title='bbox 2190 4019 2452 4079; x_wconf 83' lang='lat' dir='ltr'><strong>tanquam</strong></span> <span class='ocrx_word' id='word_1_640' title='bbox 2492 4010 2703 4066; x_wconf 86' lang='lat' dir='ltr'><strong>habens</strong></span> <span class='ocrx_word' id='word_1_641' title='bbox 2733 4013 2957 4067; x_wconf 89' lang='lat' dir='ltr'><strong>nomina</strong></span> <span class='ocrx_word' id='word_1_642' title='bbox 2991 4014 3327 4083; x_wconf 74' lang='lat' dir='ltr'><strong>turpissima,</strong></span> <span class='ocrx_word' id='word_1_643' title='bbox 3364 4025 3426 4070; x_wconf 84' lang='lat' dir='ltr'><strong>et</strong></span> 
     </span>
    </p>
   </div>
   <div class='ocr_carea' id='block_1_82' title="bbox 188 4096 1758 4171">
    <p class='ocr_par' dir='ltr' id='par_1_82' title="bbox 188 4096 1757 4171">
     <span class='ocr_line' id='line_1_82' title="bbox 188 4096 1757 4171; baseline 0 -16"><span class='ocrx_word' id='word_1_644' title='bbox 188 4096 281 4163; x_wconf 75' lang='grc' dir='ltr'>οἷς</span> <span class='ocrx_word' id='word_1_645' title='bbox 324 4101 757 4171; x_wconf 68' lang='grc' dir='ltr'>ἐγκαλύπτεσθαι</span> <span class='ocrx_word' id='word_1_646' title='bbox 791 4102 1020 4168; x_wconf 85' lang='grc' dir='ltr'>δίκαιον,</span> <span class='ocrx_word' id='word_1_647' title='bbox 1066 4104 1162 4157; x_wconf 83' lang='grc' dir='ltr'>καὶ</span> <span class='ocrx_word' id='word_1_648' title='bbox 1193 4103 1425 4171; x_wconf 79' lang='grc' dir='ltr'>μάλιστα</span> <span class='ocrx_word' id='word_1_649' title='bbox 1476 4105 1757 4171; x_wconf 85' lang='grc' dir='ltr'>σαρκικοῖς</span> 
     </span>
    </p>
   </div>
   <div class='ocr_carea' id='block_1_83' title="bbox 1862 4096 3426 4171">
    <p class='ocr_par' dir='ltr' id='par_1_83' title="bbox 1863 4099 3426 4171">
     <span class='ocr_line' id='line_1_83' title="bbox 1863 4099 3426 4171; baseline 0.004 -18"><span class='ocrx_word' id='word_1_650' title='bbox 1863 4100 1919 4154; x_wconf 91' lang='lat' dir='ltr'><strong>in</strong></span> <span class='ocrx_word' id='word_1_651' title='bbox 1947 4100 2152 4169; x_wconf 86' lang='lat' dir='ltr'><strong>quibus</strong></span> <span class='ocrx_word' id='word_1_652' title='bbox 2184 4099 2353 4153; x_wconf 88' lang='lat' dir='ltr'><strong>velari</strong></span> <span class='ocrx_word' id='word_1_653' title='bbox 2393 4101 2604 4171; x_wconf 77' lang='lat' dir='ltr'><strong>justum</strong></span> <span class='ocrx_word' id='word_1_654' title='bbox 2630 4110 2735 4166; x_wconf 73' lang='grc' dir='ltr'>εει,</span> <span class='ocrx_word' id='word_1_655' title='bbox 2765 4110 2824 4157; x_wconf 92' lang='lat' dir='ltr'><strong>et</strong></span> <span class='ocrx_word' id='word_1_656' title='bbox 2851 4104 3085 4157; x_wconf 77' lang='lat' dir='ltr'><strong>maxime</strong></span> <span class='ocrx_word' id='word_1_657' title='bbox 3110 4105 3426 4159; x_wconf 84' lang='lat' dir='ltr'><strong>carnalibus</strong></span> 
     </span>
    </p>
   </div>
   <div class='ocr_carea' id='block_1_84' title="bbox 186 4188 1758 4265">
    <p class='ocr_par' dir='ltr' id='par_1_84' title="bbox 186 4190 1753 4265">
     <span class='ocr_line' id='line_1_84' title="bbox 186 4190 1753 4265; baseline -0.001 -21"><span class='ocrx_word' id='word_1_658' title='bbox 186 4193 542 4260; x_wconf 76' lang='grc' dir='ltr'>προσήκοντα</span> <span class='ocrx_word' id='word_1_659' title='bbox 577 4190 806 4245; x_wconf 82' lang='grc' dir='ltr'>πάθεσιν</span> <span class='ocrx_word' id='word_1_660' title='bbox 828 4208 845 4241; x_wconf 57' lang='lat'><strong>9</strong></span> <span class='ocrx_word' id='word_1_661' title='bbox 886 4193 945 4244; x_wconf 83' lang='lat' dir='ltr'><strong>tv</strong></span> <span class='ocrx_word' id='word_1_662' title='bbox 982 4192 1249 4254; x_wconf 73' lang='grc' dir='ltr'>πλείστας</span> <span class='ocrx_word' id='word_1_663' title='bbox 1274 4193 1407 4265; x_wconf 29' lang='grc' dir='ltr'>,γὰρ</span> <span class='ocrx_word' id='word_1_664' title='bbox 1452 4192 1636 4253; x_wconf 81' lang='grc' dir='ltr'>τόποις</span> <span class='ocrx_word' id='word_1_665' title='bbox 1674 4190 1753 4259; x_wconf 84' lang='grc' dir='ltr'>τῷ</span> 
     </span>
    </p>
   </div>
   <div class='ocr_carea' id='block_1_85' title="bbox 1862 4188 3424 4265">
    <p class='ocr_par' dir='ltr' id='par_1_85' title="bbox 1862 4188 3424 4259">
     <span class='ocr_line' id='line_1_85' title="bbox 1862 4188 3424 4259; baseline 0.004 -16"><span class='ocrx_word' id='word_1_666' title='bbox 1862 4188 2242 4243; x_wconf 85' lang='lat' dir='ltr'><strong>convenientia</strong></span> <span class='ocrx_word' id='word_1_667' title='bbox 2295 4189 2667 4259; x_wconf 77' lang='lat' dir='ltr'><strong>passionibus.</strong></span> <span class='ocrx_word' id='word_1_668' title='bbox 2711 4190 2770 4243; x_wconf 89' lang='lat' dir='ltr'><strong>lu</strong></span> <span class='ocrx_word' id='word_1_669' title='bbox 2804 4190 3057 4256; x_wconf 85' lang='lat' dir='ltr'><strong>plurimis</strong></span> <span class='ocrx_word' id='word_1_670' title='bbox 3098 4194 3245 4247; x_wconf 89' lang='lat' dir='ltr'><strong>enim</strong></span> <span class='ocrx_word' id='word_1_671' title='bbox 3284 4194 3424 4249; x_wconf 76' lang='lat' dir='ltr'><strong>locis</strong></span> 
     </span>
    </p>
   </div>
   <div class='ocr_carea' id='block_1_86' title="bbox 187 4277 1758 4350">
    <p class='ocr_par' dir='ltr' id='par_1_86' title="bbox 187 4280 1754 4350">
     <span class='ocr_line' id='line_1_86' title="bbox 187 4280 1754 4350; baseline 0 -16"><span class='ocrx_word' id='word_1_672' title='bbox 187 4280 464 4349; x_wconf 69' lang='grc' dir='ltr'>αἰσχίστῳ</span> <span class='ocrx_word' id='word_1_673' title='bbox 505 4280 678 4349; x_wconf 83' lang='grc' dir='ltr'>τούτῳ</span> <span class='ocrx_word' id='word_1_674' title='bbox 712 4281 918 4350; x_wconf 80' lang='grc' dir='ltr'>ῥήματι</span> <span class='ocrx_word' id='word_1_675' title='bbox 953 4282 1104 4350; x_wconf 88' lang='grc' dir='ltr'>μόλις</span> <span class='ocrx_word' id='word_1_676' title='bbox 1131 4282 1284 4334; x_wconf 73' lang='grc' dir='ltr'>αὐτοὶ</span> <span class='ocrx_word' id='word_1_677' title='bbox 1310 4281 1551 4350; x_wconf 85' lang='grc' dir='ltr'>χρῶνται</span> <span class='ocrx_word' id='word_1_678' title='bbox 1572 4281 1621 4333; x_wconf 82' lang='grc' dir='ltr'>οῑ</span> <span class='ocrx_word' id='word_1_679' title='bbox 1647 4297 1754 4334; x_wconf 85' lang='grc' dir='ltr'>κω-</span> 
     </span>
    </p>
   </div>
   <div class='ocr_carea' id='block_1_87' title="bbox 1862 4277 3421 4350">
    <p class='ocr_par' dir='ltr' id='par_1_87' title="bbox 1862 4277 3421 4350">
     <span class='ocr_line' id='line_1_87' title="bbox 1862 4277 3421 4350; baseline 0.005 -19"><span class='ocrx_word' id='word_1_680' title='bbox 1862 4277 2182 4348; x_wconf 78' lang='lat' dir='ltr'><strong>turpissimo</strong></span> <span class='ocrx_word' id='word_1_681' title='bbox 2214 4279 2315 4333; x_wconf 91' lang='lat' dir='ltr'><strong>hoc</strong></span> <span class='ocrx_word' id='word_1_682' title='bbox 2348 4278 2524 4347; x_wconf 80' lang='lat' dir='ltr'><strong>verbo</strong></span> <span class='ocrx_word' id='word_1_683' title='bbox 2558 4278 2753 4342; x_wconf 88' lang='lat' dir='ltr'><strong>utitur,</strong></span> <span class='ocrx_word' id='word_1_684' title='bbox 2784 4296 2928 4344; x_wconf 80' lang='lat' dir='ltr'><strong>coco,</strong></span> <span class='ocrx_word' id='word_1_685' title='bbox 2958 4284 3104 4350; x_wconf 91' lang='lat' dir='ltr'><strong>quod</strong></span> <span class='ocrx_word' id='word_1_686' title='bbox 3132 4284 3280 4337; x_wconf 76' lang='lat' dir='ltr'><strong>nulla</strong></span> <span class='ocrx_word' id='word_1_687' title='bbox 3314 4285 3421 4338; x_wconf 85' lang='lat' dir='ltr'><strong>alia</strong></span> 
     </span>
    </p>
   </div>
   <div class='ocr_carea' id='block_1_88' title="bbox 189 4336 1758 4442">
    <p class='ocr_par' dir='ltr' id='par_1_88' title="bbox 189 4336 1753 4441">
     <span class='ocr_line' id='line_1_88' title="bbox 189 4336 1753 4441; baseline 0.002 -20"><span class='ocrx_word' id='word_1_688' title='bbox 189 4336 348 4439; x_wconf 57' lang='lat' dir='ltr'><strong>pagi.</strong></span> <span class='ocrx_word' id='word_1_689' title='bbox 375 4336 616 4436; x_wconf 62' lang='grc' dir='ltr'>ποιηταὶ,</span> <span class='ocrx_word' id='word_1_690' title='bbox 648 4336 729 4432; x_wconf 74' lang='grc' dir='ltr'>οἷς</span> <span class='ocrx_word' id='word_1_691' title='bbox 769 4336 878 4439; x_wconf 50' lang='grc' dir='ltr'>’ύλη</span> <span class='ocrx_word' id='word_1_692' title='bbox 917 4336 1026 4424; x_wconf 77' lang='grc' dir='ltr'><strong>τῶν</strong></span> <span class='ocrx_word' id='word_1_693' title='bbox 1058 4336 1375 4440; x_wconf 65' lang='grc' dir='ltr'>ποιημάτῶν</span> <span class='ocrx_word' id='word_1_694' title='bbox 1411 4371 1480 4423; x_wconf 91' lang='grc' dir='ltr'><strong>τά</strong></span> <span class='ocrx_word' id='word_1_695' title='bbox 1515 4371 1753 4441; x_wconf 81' lang='grc' dir='ltr'>σαρκικά</span> 
     </span>
    </p>
   </div>
   <div class='ocr_carea' id='block_1_89' title="bbox 1862 4336 3419 4442">
    <p class='ocr_par' dir='ltr' id='par_1_89' title="bbox 1862 4369 3419 4442">
     <span class='ocr_line' id='line_1_89' title="bbox 1862 4369 3419 4442; baseline 0.003 -19"><span class='ocrx_word' id='word_1_696' title='bbox 1862 4370 1943 4423; x_wconf 85' lang='lat' dir='ltr'><strong>lex</strong></span> <span class='ocrx_word' id='word_1_697' title='bbox 1975 4369 2104 4423; x_wconf 82' lang='lat' dir='ltr'><strong>facit</strong></span> <span class='ocrx_word' id='word_1_698' title='bbox 2129 4387 2144 4423; x_wconf 89' lang='lat'><strong>:</strong></span> <span class='ocrx_word' id='word_1_699' title='bbox 2169 4386 2282 4439; x_wconf 90' lang='lat' dir='ltr'><strong>quo</strong></span> <span class='ocrx_word' id='word_1_700' title='bbox 2304 4373 2473 4424; x_wconf 78' lang='lat' dir='ltr'><strong>verbo</strong></span> <span class='ocrx_word' id='word_1_701' title='bbox 2497 4370 2585 4423; x_wconf 78' lang='lat' dir='ltr'><strong>vix</strong></span> <span class='ocrx_word' id='word_1_702' title='bbox 2615 4382 2785 4442; x_wconf 78' lang='lat' dir='ltr'><strong>poeta:</strong></span> <span class='ocrx_word' id='word_1_703' title='bbox 2814 4372 2919 4441; x_wconf 79' lang='lat' dir='ltr'><strong>ipsi</strong></span> <span class='ocrx_word' id='word_1_704' title='bbox 2942 4374 3136 4426; x_wconf 83' lang='lat' dir='ltr'><strong>comici</strong></span> <span class='ocrx_word' id='word_1_705' title='bbox 3169 4384 3419 4440; x_wconf 75' lang='lat' dir='ltr'><strong>utatur,</strong></span> 
     </span>
    </p>
   </div>
   <div class='ocr_carea' id='block_1_90' title="bbox 184 4455 1751 4532">
    <p class='ocr_par' dir='ltr' id='par_1_90' title="bbox 184 4455 1751 4532">
     <span class='ocr_line' id='line_1_90' title="bbox 184 4455 1751 4532; baseline 0.001 -19"><span class='ocrx_word' id='word_1_706' title='bbox 184 4460 288 4513; x_wconf 68' lang='lat' dir='ltr'><strong>atat</strong></span> <span class='ocrx_word' id='word_1_707' title='bbox 313 4459 534 4529; x_wconf 85' lang='grc' dir='ltr'>αίσχρά,</span> <span class='ocrx_word' id='word_1_708' title='bbox 567 4461 615 4512; x_wconf 88' lang='grc' dir='ltr'><strong>εί</strong></span> <span class='ocrx_word' id='word_1_709' title='bbox 646 4461 741 4515; x_wconf 78' lang='grc' dir='ltr'>καὶ</span> <span class='ocrx_word' id='word_1_710' title='bbox 772 4455 917 4515; x_wconf 76' lang='grc' dir='ltr'>οὗτοι</span> <span class='ocrx_word' id='word_1_711' title='bbox 956 4461 1194 4526; x_wconf 88' lang='grc' dir='ltr'>σπανίως</span> <span class='ocrx_word' id='word_1_712' title='bbox 1215 4480 1230 4495; x_wconf 80' lang='grc' dir='ltr'><strong><em>ο</em></strong></span> <span class='ocrx_word' id='word_1_713' title='bbox 1272 4462 1464 4532; x_wconf 86' lang='grc' dir='ltr'>ὥσπερ</span> <span class='ocrx_word' id='word_1_714' title='bbox 1503 4462 1751 4531; x_wconf 80' lang='grc' dir='ltr'>Ὁράτιος</span> 
     </span>
    </p>
   </div>
   <div class='ocr_carea' id='block_1_91' title="bbox 181 4547 1749 4618">
    <p class='ocr_par' dir='ltr' id='par_1_91' title="bbox 181 4547 1749 4618">
     <span class='ocr_line' id='line_1_91' title="bbox 181 4547 1749 4618; baseline 0 -13"><span class='ocrx_word' id='word_1_715' title='bbox 181 4551 421 4608; x_wconf 77' lang='grc' dir='ltr'>ἀναιδῶς</span> <span class='ocrx_word' id='word_1_716' title='bbox 444 4547 619 4618; x_wconf 70' lang='grc' dir='ltr'>εἶπεν,</span> <span class='ocrx_word' id='word_1_717' title='bbox 648 4553 723 4605; x_wconf 85' lang='grc' dir='ltr'><strong>Οὐ</strong></span> <span class='ocrx_word' id='word_1_718' title='bbox 745 4552 954 4607; x_wconf 82' lang='grc' dir='ltr'>δέδοικα</span> <span class='ocrx_word' id='word_1_719' title='bbox 979 4553 1343 4616; x_wconf 76' lang='grc' dir='ltr'>συνουσιάζων</span> <span class='ocrx_word' id='word_1_720' title='bbox 1364 4572 1377 4585; x_wconf 76' lang='grc' dir='ltr'><strong>ο</strong></span> <span class='ocrx_word' id='word_1_721' title='bbox 1402 4553 1560 4606; x_wconf 80' lang='grc' dir='ltr'>τοῦτο</span> <span class='ocrx_word' id='word_1_722' title='bbox 1585 4553 1640 4605; x_wconf 74' lang='grc' dir='ltr'>δὲ</span> <span class='ocrx_word' id='word_1_723' title='bbox 1668 4554 1749 4606; x_wconf 76' lang='grc' dir='ltr'><strong>ὅτι</strong></span> 
     </span>
    </p>
   </div>
   <div class='ocr_carea' id='block_1_92' title="bbox 180 4636 1752 4710">
    <p class='ocr_par' dir='ltr' id='par_1_92' title="bbox 180 4636 1752 4710">
     <span class='ocr_line' id='line_1_92' title="bbox 180 4636 1752 4710; baseline 0.003 -21"><span class='ocrx_word' id='word_1_724' title='bbox 180 4636 374 4700; x_wconf 71' lang='grc' dir='ltr'>καθὼς</span> <span class='ocrx_word' id='word_1_725' title='bbox 392 4637 488 4692; x_wconf 75' lang='grc' dir='ltr'>καὶ</span> <span class='ocrx_word' id='word_1_726' title='bbox 508 4638 665 4702; x_wconf 85' lang='grc' dir='ltr'>αὐτὸς</span> <span class='ocrx_word' id='word_1_727' title='bbox 687 4640 983 4710; x_wconf 72' lang='grc' dir='ltr'>διαρρήδην</span> <span class='ocrx_word' id='word_1_728' title='bbox 1011 4642 1175 4709; x_wconf 85' lang='grc' dir='ltr'>φησίν</span> <span class='ocrx_word' id='word_1_729' title='bbox 1194 4657 1211 4672; x_wconf 75' lang='grc' dir='ltr'><strong><em>ο</em></strong></span> <span class='ocrx_word' id='word_1_730' title='bbox 1240 4643 1352 4695; x_wconf 84' lang='grc' dir='ltr'>Οὐκ</span> <span class='ocrx_word' id='word_1_731' title='bbox 1372 4641 1518 4694; x_wconf 80' lang='grc' dir='ltr'>ἔστιν</span> <span class='ocrx_word' id='word_1_732' title='bbox 1544 4641 1752 4709; x_wconf 81' lang='grc' dir='ltr'>ἀνθρω-</span> 
     </span>
    </p>
   </div>
   <div class='ocr_carea' id='block_1_93' title="bbox 182 4722 1751 4795">
    <p class='ocr_par' dir='ltr' id='par_1_93' title="bbox 182 4722 1751 4795">
     <span class='ocr_line' id='line_1_93' title="bbox 182 4722 1751 4795; baseline 0.001 -20"><span class='ocrx_word' id='word_1_733' title='bbox 182 4738 289 4786; x_wconf 80' lang='grc' dir='ltr'><strong>πος</strong></span> <span class='ocrx_word' id='word_1_734' title='bbox 320 4722 380 4774; x_wconf 70' lang='grc' dir='ltr'>ἐν</span> <span class='ocrx_word' id='word_1_735' title='bbox 408 4722 487 4791; x_wconf 83' lang='grc' dir='ltr'>τῷ</span> <span class='ocrx_word' id='word_1_736' title='bbox 503 4724 693 4794; x_wconf 83' lang='grc' dir='ltr'>κόσμῳ</span> <span class='ocrx_word' id='word_1_737' title='bbox 721 4725 1013 4795; x_wconf 82' lang='grc' dir='ltr'>δυνάμενος</span> <span class='ocrx_word' id='word_1_738' title='bbox 1030 4728 1092 4778; x_wconf 82' lang='grc' dir='ltr'><strong>τὸ</strong></span> <span class='ocrx_word' id='word_1_739' title='bbox 1117 4728 1434 4795; x_wconf 78' lang='grc' dir='ltr'>Ἀλκοράνον</span> <span class='ocrx_word' id='word_1_740' title='bbox 1457 4728 1616 4780; x_wconf 84' lang='grc' dir='ltr'>νοεῖν.</span> <span class='ocrx_word' id='word_1_741' title='bbox 1639 4724 1751 4778; x_wconf 71' lang='grc' dir='ltr'>Καὶ</span> 
     </span>
    </p>
   </div>
   <div class='ocr_carea' id='block_1_94' title="bbox 181 4808 1749 4887">
    <p class='ocr_par' dir='ltr' id='par_1_94' title="bbox 181 4808 1749 4887">
     <span class='ocr_line' id='line_1_94' title="bbox 181 4808 1749 4887; baseline 0 -20"><span class='ocrx_word' id='word_1_742' title='bbox 181 4808 309 4876; x_wconf 82' lang='grc' dir='ltr'><strong>πῶς</strong></span> <span class='ocrx_word' id='word_1_743' title='bbox 330 4816 658 4882; x_wconf 77' lang='grc' dir='ltr'>προσέταξεν</span> <span class='ocrx_word' id='word_1_744' title='bbox 673 4818 702 4869; x_wconf 90' lang='lat'><strong>6</strong></span> <span class='ocrx_word' id='word_1_745' title='bbox 724 4815 854 4878; x_wconf 85' lang='grc' dir='ltr'>Θεὸς</span> <span class='ocrx_word' id='word_1_746' title='bbox 882 4817 1039 4870; x_wconf 79' lang='grc' dir='ltr'>τοῦτο</span> <span class='ocrx_word' id='word_1_747' title='bbox 1059 4818 1361 4887; x_wconf 79' lang='grc' dir='ltr'>τηρεῖσθαι,</span> <span class='ocrx_word' id='word_1_748' title='bbox 1380 4820 1427 4868; x_wconf 85' lang='grc' dir='ltr'><strong>εί</strong></span> <span class='ocrx_word' id='word_1_749' title='bbox 1457 4817 1541 4887; x_wconf 63' lang='grc' dir='ltr'>μὴ</span> <span class='ocrx_word' id='word_1_750' title='bbox 1552 4816 1749 4868; x_wconf 80' lang='grc' dir='ltr'>δέδωκε</span> 
     </span>
    </p>
   </div>
   <div class='ocr_carea' id='block_1_95' title="bbox 185 4903 1750 4975">
    <p class='ocr_par' dir='ltr' id='par_1_95' title="bbox 185 4903 1750 4975">
     <span class='ocr_line' id='line_1_95' title="bbox 185 4903 1750 4975; baseline -0.001 -16"><span class='ocrx_word' id='word_1_751' title='bbox 185 4904 293 4959; x_wconf 79' lang='grc' dir='ltr'>καὶ</span> <span class='ocrx_word' id='word_1_752' title='bbox 318 4903 554 4973; x_wconf 65' lang='grc' dir='ltr'>νοεῖσθαι</span> <span class='ocrx_word' id='word_1_753' title='bbox 580 4920 595 4968; x_wconf 86' lang='grc'><strong>;</strong></span> <span class='ocrx_word' id='word_1_754' title='bbox 622 4906 717 4956; x_wconf 83' lang='grc' dir='ltr'><strong>Δεῐ</strong></span> <span class='ocrx_word' id='word_1_755' title='bbox 740 4906 796 4958; x_wconf 83' lang='grc' dir='ltr'>δὲ</span> <span class='ocrx_word' id='word_1_756' title='bbox 822 4906 1134 4973; x_wconf 80' lang='grc' dir='ltr'>γινώσκειν,</span> <span class='ocrx_word' id='word_1_757' title='bbox 1158 4907 1233 4969; x_wconf 84' lang='grc' dir='ltr'>ὡς</span> <span class='ocrx_word' id='word_1_758' title='bbox 1257 4910 1314 4959; x_wconf 88' lang='lat' dir='ltr'><strong>tv</strong></span> <span class='ocrx_word' id='word_1_759' title='bbox 1336 4906 1413 4975; x_wconf 77' lang='grc' dir='ltr'>τῷ</span> <span class='ocrx_word' id='word_1_760' title='bbox 1436 4905 1750 4975; x_wconf 85' lang='grc' dir='ltr'>Εὐαγγελίῳ</span> 
     </span>
    </p>
   </div>
   <div class='ocr_carea' id='block_1_96' title="bbox 179 4978 1744 5066">
    <p class='ocr_par' dir='ltr' id='par_1_96' title="bbox 179 4978 1744 5066">
     <span class='ocr_line' id='line_1_96' title="bbox 179 4978 1744 5066; baseline 0.002 -20"><span class='ocrx_word' id='word_1_761' title='bbox 179 4994 345 5047; x_wconf 80' lang='grc' dir='ltr'>οὐδέν</span> <span class='ocrx_word' id='word_1_762' title='bbox 372 4994 544 5056; x_wconf 76' lang='grc' dir='ltr'>ἐστιν,</span> <span class='ocrx_word' id='word_1_763' title='bbox 568 4992 703 5061; x_wconf 84' lang='grc' dir='ltr'>ὅπερ</span> <span class='ocrx_word' id='word_1_764' title='bbox 733 4996 833 5063; x_wconf 75' lang='grc' dir='ltr'><strong>οὐχ</strong></span> <span class='ocrx_word' id='word_1_765' title='bbox 857 4978 958 5048; x_wconf 76' lang='grc' dir='ltr'>οἷοί</span> <span class='ocrx_word' id='word_1_766' title='bbox 1012 4996 1071 5048; x_wconf 75' lang='grc' dir='ltr'><em>τέ</em></span> <span class='ocrx_word' id='word_1_767' title='bbox 1099 4998 1284 5064; x_wconf 68' lang='grc' dir='ltr'>ὲσμενζ</span> <span class='ocrx_word' id='word_1_768' title='bbox 1306 4998 1399 5049; x_wconf 76' lang='grc' dir='ltr'><strong>καὶ</strong></span> <span class='ocrx_word' id='word_1_769' title='bbox 1426 4997 1639 5065; x_wconf 79' lang='grc' dir='ltr'>νοῆσαι,</span> <span class='ocrx_word' id='word_1_770' title='bbox 1666 4996 1744 5066; x_wconf 84' lang='grc' dir='ltr'>τῷ</span> 
     </span>
    </p>
   </div>
   <div class='ocr_carea' id='block_1_97' title="bbox 187 5078 1749 5151">
    <p class='ocr_par' dir='ltr' id='par_1_97' title="bbox 187 5078 1749 5151">
     <span class='ocr_line' id='line_1_97' title="bbox 187 5078 1749 5151; baseline -0.006 -9"><span class='ocrx_word' id='word_1_771' title='bbox 187 5078 309 5151; x_wconf 17' lang='grc' dir='ltr'>τῆς»</span> <span class='ocrx_word' id='word_1_772' title='bbox 338 5078 570 5140; x_wconf 73' lang='grc' dir='ltr'>πίστεως</span> <span class='ocrx_word' id='word_1_773' title='bbox 611 5079 748 5145; x_wconf 74' lang='grc' dir='ltr'>φωτὶ</span> <span class='ocrx_word' id='word_1_774' title='bbox 776 5079 1150 5149; x_wconf 85' lang='grc' dir='ltr'>βοηθούμενοι.</span> <span class='ocrx_word' id='word_1_775' title='bbox 1208 5081 1345 5134; x_wconf 82' lang='grc' dir='ltr'>Ἀλλ’</span> <span class='ocrx_word' id='word_1_776' title='bbox 1384 5082 1504 5134; x_wconf 72' lang='grc' dir='ltr'>οὐδὲ</span> <span class='ocrx_word' id='word_1_777' title='bbox 1543 5083 1631 5135; x_wconf 80' lang='grc' dir='ltr'><strong>διά</strong></span> <span class='ocrx_word' id='word_1_778' title='bbox 1680 5085 1749 5134; x_wconf 71' lang='grc' dir='ltr'><strong>τὰ</strong></span> 
     </span>
    </p>
   </div>
   <div class='ocr_carea' id='block_1_98' title="bbox 183 5164 1744 5237">
    <p class='ocr_par' dir='ltr' id='par_1_98' title="bbox 183 5164 1744 5237">
     <span class='ocr_line' id='line_1_98' title="bbox 183 5164 1744 5237; baseline 0.003 -18"><span class='ocrx_word' id='word_1_779' title='bbox 183 5164 553 5235; x_wconf 73' lang='grc' dir='ltr'>περιεχόμενα</span> <span class='ocrx_word' id='word_1_780' title='bbox 600 5168 658 5221; x_wconf 86' lang='lat' dir='ltr'><strong>tv</strong></span> <span class='ocrx_word' id='word_1_781' title='bbox 691 5165 862 5236; x_wconf 84' lang='grc' dir='ltr'>τούτῳ</span> <span class='ocrx_word' id='word_1_782' title='bbox 897 5167 1197 5237; x_wconf 79' lang='grc' dir='ltr'>διδάγματά</span> <span class='ocrx_word' id='word_1_783' title='bbox 1227 5171 1343 5221; x_wconf 73' lang='grc' dir='ltr'>ἐστι</span> <span class='ocrx_word' id='word_1_784' title='bbox 1393 5169 1533 5221; x_wconf 84' lang='grc' dir='ltr'>κατὰ</span> <span class='ocrx_word' id='word_1_785' title='bbox 1568 5170 1744 5237; x_wconf 88' lang='grc' dir='ltr'>λόγον.</span> 
     </span>
    </p>
   </div>
   <div class='ocr_carea' id='block_1_99' title="bbox 179 5254 1745 5330">
    <p class='ocr_par' dir='ltr' id='par_1_99' title="bbox 179 5254 1745 5330">
     <span class='ocr_line' id='line_1_99' title="bbox 179 5254 1745 5330; baseline 0.004 -23"><span class='ocrx_word' id='word_1_786' title='bbox 179 5255 328 5325; x_wconf 74' lang='grc' dir='ltr'>Φησὶ</span> <span class='ocrx_word' id='word_1_787' title='bbox 355 5254 465 5325; x_wconf 82' lang='grc' dir='ltr'>γὰρ</span> <span class='ocrx_word' id='word_1_788' title='bbox 494 5256 552 5308; x_wconf 87' lang='lat' dir='ltr'><strong>tv</strong></span> <span class='ocrx_word' id='word_1_789' title='bbox 573 5254 793 5319; x_wconf 58' lang='lat' dir='ltr'><strong>MUOE;</strong></span> <span class='ocrx_word' id='word_1_790' title='bbox 823 5258 1007 5321; x_wconf 88' lang='grc' dir='ltr'>τόποις</span> <span class='ocrx_word' id='word_1_791' title='bbox 1041 5260 1131 5312; x_wconf 87' lang='grc' dir='ltr'><strong>τὸν</strong></span> <span class='ocrx_word' id='word_1_792' title='bbox 1160 5260 1290 5312; x_wconf 88' lang='grc' dir='ltr'>Θεὸν</span> <span class='ocrx_word' id='word_1_793' title='bbox 1320 5264 1745 5330; x_wconf 78' lang='grc' dir='ltr'>προστεταχέναι</span> 
     </span>
    </p>
   </div>
   <div class='ocr_carea' id='block_1_100' title="bbox 92 5344 1746 5420">
    <p class='ocr_par' dir='ltr' id='par_1_100' title="bbox 92 5344 1746 5420">
     <span class='ocr_line' id='line_1_100' title="bbox 92 5344 1746 5420; baseline 0.004 -23"><span class='ocrx_word' id='word_1_794' title='bbox 92 5344 97 5347; x_wconf 67' lang='grc'><strong>⁷</strong></span> <span class='ocrx_word' id='word_1_795' title='bbox 179 5347 299 5407; x_wconf 75' lang='grc' dir='ltr'>τοϊς</span> <span class='ocrx_word' id='word_1_796' title='bbox 328 5345 601 5412; x_wconf 69' lang='grc' dir='ltr'>ἀγγέλοις,</span> <span class='ocrx_word' id='word_1_797' title='bbox 628 5349 998 5416; x_wconf 75' lang='grc' dir='ltr'>προσκυνῆσαι</span> <span class='ocrx_word' id='word_1_798' title='bbox 1018 5350 1109 5402; x_wconf 68' lang='grc' dir='ltr'><strong>τὸν</strong></span> <span class='ocrx_word' id='word_1_799' title='bbox 1146 5349 1344 5420; x_wconf 79' lang='grc' dir='ltr'>Ἀδάμ·</span> <span class='ocrx_word' id='word_1_800' title='bbox 1371 5350 1465 5403; x_wconf 80' lang='grc' dir='ltr'>καὶ</span> <span class='ocrx_word' id='word_1_801' title='bbox 1490 5350 1616 5413; x_wconf 87' lang='grc' dir='ltr'>τοὺς</span> <span class='ocrx_word' id='word_1_802' title='bbox 1648 5351 1746 5419; x_wconf 69' lang='grc' dir='ltr'>μὲν</span> 
     </span>
    </p>
   </div>
   <div class='ocr_carea' id='block_1_101' title="bbox 183 5433 1747 5509">
    <p class='ocr_par' dir='ltr' id='par_1_101' title="bbox 183 5433 1747 5509">
     <span class='ocr_line' id='line_1_101' title="bbox 183 5433 1747 5509; baseline 0.005 -24"><span class='ocrx_word' id='word_1_803' title='bbox 183 5435 269 5503; x_wconf 77' lang='grc' dir='ltr'>μὴ</span> <span class='ocrx_word' id='word_1_804' title='bbox 290 5433 619 5503; x_wconf 77' lang='grc' dir='ltr'>θελήσαντας</span> <span class='ocrx_word' id='word_1_805' title='bbox 674 5436 927 5502; x_wconf 77' lang='grc' dir='ltr'>γενέσθαι</span> <span class='ocrx_word' id='word_1_806' title='bbox 955 5439 1231 5505; x_wconf 80' lang='grc' dir='ltr'>δαίμονας,</span> <span class='ocrx_word' id='word_1_807' title='bbox 1266 5440 1392 5501; x_wconf 80' lang='grc' dir='ltr'>τοὺς</span> <span class='ocrx_word' id='word_1_808' title='bbox 1416 5439 1475 5491; x_wconf 84' lang='grc' dir='ltr'>δὲ</span> <span class='ocrx_word' id='word_1_809' title='bbox 1508 5456 1747 5509; x_wconf 86' lang='grc' dir='ltr'>προσκυ-</span> 
     </span>
    </p>
   </div>
   <div class='ocr_carea' id='block_1_102' title="bbox 179 5523 1755 5597">
    <p class='ocr_par' dir='ltr' id='par_1_102' title="bbox 179 5523 1755 5597">
     <span class='ocr_line' id='line_1_102' title="bbox 179 5523 1755 5597; baseline 0.004 -22"><span class='ocrx_word' id='word_1_810' title='bbox 179 5523 452 5592; x_wconf 73' lang='grc' dir='ltr'>νήσαντας</span> <span class='ocrx_word' id='word_1_811' title='bbox 474 5523 650 5591; x_wconf 77' lang='grc' dir='ltr'>μεῖναι</span> <span class='ocrx_word' id='word_1_812' title='bbox 679 5526 960 5591; x_wconf 79' lang='grc' dir='ltr'>ἀγγέλους.</span> <span class='ocrx_word' id='word_1_813' title='bbox 981 5526 1089 5578; x_wconf 74' lang='grc' dir='ltr'><strong>Καὶ</strong></span> <span class='ocrx_word' id='word_1_814' title='bbox 1115 5527 1229 5589; x_wconf 85' lang='grc' dir='ltr'><strong>πῶς</strong></span> <span class='ocrx_word' id='word_1_815' title='bbox 1252 5525 1320 5580; x_wconf 84' lang='grc' dir='ltr'>ἂν</span> <span class='ocrx_word' id='word_1_816' title='bbox 1339 5531 1367 5580; x_wconf 86' lang='lat'><strong>6</strong></span> <span class='ocrx_word' id='word_1_817' title='bbox 1394 5529 1525 5591; x_wconf 86' lang='grc' dir='ltr'>Θεὸς</span> <span class='ocrx_word' id='word_1_818' title='bbox 1556 5532 1755 5597; x_wconf 53' lang='grc' dir='ltr'>ὲνετείτ</span> 
     </span>
    </p>
   </div>
   <div class='ocr_carea' id='block_1_103' title="bbox 178 5609 1748 5703">
    <p class='ocr_par' dir='ltr' id='par_1_103' title="bbox 178 5609 1748 5703">
     <span class='ocr_line' id='line_1_103' title="bbox 178 5609 1748 5703; baseline 0.003 -36"><span class='ocrx_word' id='word_1_819' title='bbox 178 5611 313 5667; x_wconf 79' lang='grc' dir='ltr'>λατο</span> <span class='ocrx_word' id='word_1_820' title='bbox 332 5613 804 5703; x_wconf 44' lang='grc' dir='ltr'>εἰδωλολατρειανς</span> <span class='ocrx_word' id='word_1_821' title='bbox 824 5618 918 5669; x_wconf 79' lang='grc' dir='ltr'>καὶ</span> <span class='ocrx_word' id='word_1_822' title='bbox 946 5619 1055 5681; x_wconf 81' lang='grc' dir='ltr'>τοῖς</span> <span class='ocrx_word' id='word_1_823' title='bbox 1078 5616 1256 5680; x_wconf 82' lang='grc' dir='ltr'>ἄλλοις</span> <span class='ocrx_word' id='word_1_824' title='bbox 1280 5618 1376 5687; x_wconf 82' lang='grc' dir='ltr'><strong>τὴν</strong></span> <span class='ocrx_word' id='word_1_825' title='bbox 1404 5619 1552 5691; x_wconf 85' lang='grc' dir='ltr'>αὑτῷ</span> <span class='ocrx_word' id='word_1_826' title='bbox 1579 5609 1748 5692; x_wconf 72' lang='grc' dir='ltr'><strong>μόνην¹</strong></span> 
     </span>
    </p>
   </div>
   <div class='ocr_carea' id='block_1_104' title="bbox 192 5733 1421 5815">
    <p class='ocr_par' dir='ltr' id='par_1_104' title="bbox 192 5733 1421 5815">
     <span class='ocr_line' id='line_1_104' title="bbox 192 5733 1421 5815; baseline 0.009 -32"><span class='ocrx_word' id='word_1_827' title='bbox 192 5768 195 5771; x_wconf 53' lang='grc' dir='ltr'><strong>ν</strong></span> <span class='ocrx_word' id='word_1_828' title='bbox 244 5735 316 5799; x_wconf 84' lang='lat'><strong>(0)</strong></span> <span class='ocrx_word' id='word_1_829' title='bbox 344 5733 442 5786; x_wconf 85' lang='lat' dir='ltr'><strong>Sic.</strong></span> <span class='ocrx_word' id='word_1_830' title='bbox 468 5734 603 5799; x_wconf 70' lang='lat' dir='ltr'><strong>Lege</strong></span> <span class='ocrx_word' id='word_1_831' title='bbox 625 5741 679 5787; x_wconf 90' lang='lat' dir='ltr'><strong>ut</strong></span> <span class='ocrx_word' id='word_1_832' title='bbox 710 5738 759 5787; x_wconf 86' lang='lat' dir='ltr'><strong>in</strong></span> <span class='ocrx_word' id='word_1_833' title='bbox 786 5736 961 5815; x_wconf 39' lang='lat' dir='ltr'><strong>.Grarco</strong></span> <span class='ocrx_word' id='word_1_834' title='bbox 984 5738 1231 5791; x_wconf 80' lang='lat' dir='ltr'><strong>Horatius.</strong></span> <span class='ocrx_word' id='word_1_835' title='bbox 1258 5740 1421 5803; x_wconf 67' lang='lat' dir='ltr'><strong>Enn;</strong></span> 
     </span>
    </p>
   </div>
   <div class='ocr_carea' id='block_1_105' title="bbox 1858 4459 3421 4534">
    <p class='ocr_par' dir='ltr' id='par_1_105' title="bbox 1858 4459 3421 4534">
     <span class='ocr_line' id='line_1_105' title="bbox 1858 4459 3421 4534; baseline 0.006 -23"><span class='ocrx_word' id='word_1_836' title='bbox 1858 4459 2058 4527; x_wconf 88' lang='lat' dir='ltr'><strong>quibus</strong></span> <span class='ocrx_word' id='word_1_837' title='bbox 2083 4461 2308 4513; x_wconf 86' lang='lat' dir='ltr'><strong>materia</strong></span> <span class='ocrx_word' id='word_1_838' title='bbox 2334 4470 2647 4529; x_wconf 89' lang='lat' dir='ltr'><strong>poematum</strong></span> <span class='ocrx_word' id='word_1_839' title='bbox 2678 4469 2761 4515; x_wconf 80' lang='lat' dir='ltr'><strong>est</strong></span> <span class='ocrx_word' id='word_1_840' title='bbox 2782 4464 3022 4517; x_wconf 88' lang='lat' dir='ltr'><strong>carnalis</strong></span> <span class='ocrx_word' id='word_1_841' title='bbox 3042 4473 3101 4518; x_wconf 92' lang='lat' dir='ltr'><strong>et</strong></span> <span class='ocrx_word' id='word_1_842' title='bbox 3124 4465 3318 4534; x_wconf 81' lang='lat' dir='ltr'><strong>turpis,</strong></span> <span class='ocrx_word' id='word_1_843' title='bbox 3333 4476 3421 4520; x_wconf 86' lang='lat' dir='ltr'><strong>et-</strong></span> 
     </span>
    </p>
   </div>
   <div class='ocr_carea' id='block_1_106' title="bbox 1857 4548 3418 4620">
    <p class='ocr_par' dir='ltr' id='par_1_106' title="bbox 1857 4548 3418 4620">
     <span class='ocr_line' id='line_1_106' title="bbox 1857 4548 3418 4620; baseline 0.006 -20"><span class='ocrx_word' id='word_1_844' title='bbox 1857 4548 1901 4600; x_wconf 83' lang='lat' dir='ltr'><strong>si</strong></span> <span class='ocrx_word' id='word_1_845' title='bbox 1933 4550 1987 4600; x_wconf 88' lang='lat' dir='ltr'><strong>hi</strong></span> <span class='ocrx_word' id='word_1_846' title='bbox 2018 4563 2176 4612; x_wconf 88' lang='lat' dir='ltr'><strong>raro;</strong></span> <span class='ocrx_word' id='word_1_847' title='bbox 2205 4550 2349 4602; x_wconf 88' lang='lat' dir='ltr'><strong>sicut</strong></span> <span class='ocrx_word' id='word_1_848' title='bbox 2391 4550 2590 4604; x_wconf 81' lang='lat' dir='ltr'><strong>Aratus</strong></span> <span class='ocrx_word' id='word_1_849' title='bbox 2616 4550 2691 4617; x_wconf 82' lang='grc' dir='ltr'><strong>(α)</strong></span> <span class='ocrx_word' id='word_1_850' title='bbox 2727 4551 3072 4620; x_wconf 84' lang='lat' dir='ltr'><strong>impudenter</strong></span> <span class='ocrx_word' id='word_1_851' title='bbox 3093 4555 3230 4609; x_wconf 81' lang='lat' dir='ltr'><strong>dixit</strong></span> <span class='ocrx_word' id='word_1_852' title='bbox 3255 4572 3273 4608; x_wconf 90' lang='lat'><strong>:</strong></span> <span class='ocrx_word' id='word_1_853' title='bbox 3299 4556 3418 4609; x_wconf 81' lang='lat' dir='ltr'><strong>Non</strong></span> 
     </span>
    </p>
   </div>
   <div class='ocr_carea' id='block_1_107' title="bbox 1858 4624 3417 4708">
    <p class='ocr_par' dir='ltr' id='par_1_107' title="bbox 1858 4624 3417 4708">
     <span class='ocr_line' id='line_1_107' title="bbox 1858 4624 3417 4708; baseline 0.007 -23"><span class='ocrx_word' id='word_1_854' title='bbox 1858 4632 2014 4687; x_wconf 88' lang='lat' dir='ltr'><strong>timui</strong></span> <span class='ocrx_word' id='word_1_855' title='bbox 2048 4636 2251 4689; x_wconf 86' lang='lat' dir='ltr'><strong>coieus.</strong></span> <span class='ocrx_word' id='word_1_856' title='bbox 2275 4637 2387 4690; x_wconf 91' lang='lat' dir='ltr'><strong>lloc</strong></span> <span class='ocrx_word' id='word_1_857' title='bbox 2416 4648 2597 4690; x_wconf 90' lang='lat' dir='ltr'><strong>autem</strong></span> <span class='ocrx_word' id='word_1_858' title='bbox 2631 4648 2685 4690; x_wconf 89' lang='lat' dir='ltr'><strong>et</strong></span> <span class='ocrx_word' id='word_1_859' title='bbox 2732 4640 2848 4707; x_wconf 90' lang='lat' dir='ltr'><strong>ipse</strong></span> <span class='ocrx_word' id='word_1_860' title='bbox 2883 4624 3059 4708; x_wconf 85' lang='lat' dir='ltr'><strong>palam</strong></span> <span class='ocrx_word' id='word_1_861' title='bbox 3100 4641 3255 4705; x_wconf 86' lang='lat' dir='ltr'><strong>dicit,</strong></span> <span class='ocrx_word' id='word_1_862' title='bbox 3296 4643 3417 4696; x_wconf 75' lang='lat' dir='ltr'><strong>Non</strong></span> 
     </span>
    </p>
   </div>
   <div class='ocr_carea' id='block_1_108' title="bbox 1856 4724 3418 4794">
    <p class='ocr_par' dir='ltr' id='par_1_108' title="bbox 1856 4724 3418 4794">
     <span class='ocr_line' id='line_1_108' title="bbox 1856 4724 3418 4794; baseline 0.006 -18"><span class='ocrx_word' id='word_1_863' title='bbox 1856 4733 1943 4777; x_wconf 89' lang='lat' dir='ltr'><strong>est</strong></span> <span class='ocrx_word' id='word_1_864' title='bbox 1970 4724 2133 4776; x_wconf 91' lang='lat' dir='ltr'><strong>homo</strong></span> <span class='ocrx_word' id='word_1_865' title='bbox 2165 4726 2217 4777; x_wconf 91' lang='lat' dir='ltr'><strong>in</strong></span> <span class='ocrx_word' id='word_1_866' title='bbox 2252 4726 2455 4779; x_wconf 91' lang='lat' dir='ltr'><strong>mundo</strong></span> <span class='ocrx_word' id='word_1_867' title='bbox 2486 4728 2580 4794; x_wconf 92' lang='lat' dir='ltr'><strong>qui</strong></span> <span class='ocrx_word' id='word_1_868' title='bbox 2631 4729 2800 4794; x_wconf 88' lang='lat' dir='ltr'><strong>possit</strong></span> <span class='ocrx_word' id='word_1_869' title='bbox 2844 4730 3175 4785; x_wconf 79' lang='lat' dir='ltr'><strong>Alcoranum</strong></span> <span class='ocrx_word' id='word_1_870' title='bbox 3211 4732 3418 4786; x_wconf 86' lang='lat' dir='ltr'><strong>intelli-</strong></span> 
     </span>
    </p>
   </div>
   <div class='ocr_carea' id='block_1_109' title="bbox 1848 4812 3415 4889">
    <p class='ocr_par' dir='ltr' id='par_1_109' title="bbox 1848 4812 3415 4889">
     <span class='ocr_line' id='line_1_109' title="bbox 1848 4812 3415 4889; baseline 0.009 -25"><span class='ocrx_word' id='word_1_871' title='bbox 1848 4816 2002 4881; x_wconf 71' lang='lat' dir='ltr'><strong>‘gcre.</strong></span> <span class='ocrx_word' id='word_1_872' title='bbox 2042 4812 2109 4865; x_wconf 88' lang='lat' dir='ltr'><strong>Et</strong></span> <span class='ocrx_word' id='word_1_873' title='bbox 2145 4815 2418 4881; x_wconf 86' lang='lat' dir='ltr'><strong>quomodo</strong></span> <span class='ocrx_word' id='word_1_874' title='bbox 2449 4816 2726 4869; x_wconf 81' lang='lat' dir='ltr'><strong>mandavit</strong></span> <span class='ocrx_word' id='word_1_875' title='bbox 2760 4819 2905 4873; x_wconf 89' lang='lat' dir='ltr'><strong>Deus</strong></span> <span class='ocrx_word' id='word_1_876' title='bbox 2941 4821 3047 4874; x_wconf 91' lang='lat' dir='ltr'><strong>hoc</strong></span> <span class='ocrx_word' id='word_1_877' title='bbox 3092 4825 3323 4889; x_wconf 78' lang='lat' dir='ltr'><strong>servari,</strong></span> <span class='ocrx_word' id='word_1_878' title='bbox 3366 4824 3415 4877; x_wconf 82' lang='lat' dir='ltr'><strong>si</strong></span> 
     </span>
    </p>
   </div>
   <div class='ocr_carea' id='block_1_110' title="bbox 1856 4898 3415 4985">
    <p class='ocr_par' dir='ltr' id='par_1_110' title="bbox 1856 4898 3415 4985">
     <span class='ocr_line' id='line_1_110' title="bbox 1856 4898 3415 4985; baseline 0.008 -28"><span class='ocrx_word' id='word_1_879' title='bbox 1856 4921 1964 4959; x_wconf 88' lang='lat' dir='ltr'><strong>non</strong></span> <span class='ocrx_word' id='word_1_880' title='bbox 2007 4906 2159 4959; x_wconf 87' lang='lat' dir='ltr'><strong>dedit</strong></span> <span class='ocrx_word' id='word_1_881' title='bbox 2194 4914 2253 4957; x_wconf 88' lang='lat' dir='ltr'><strong>et</strong></span> <span class='ocrx_word' id='word_1_882' title='bbox 2286 4906 2557 4977; x_wconf 81' lang='lat' dir='ltr'><strong>intelligi?</strong></span> <span class='ocrx_word' id='word_1_883' title='bbox 2585 4908 2817 4976; x_wconf 86' lang='lat' dir='ltr'><strong>Oportet</strong></span> <span class='ocrx_word' id='word_1_884' title='bbox 2851 4898 3035 4971; x_wconf 85' lang='lat' dir='ltr'><strong>autem</strong></span> <span class='ocrx_word' id='word_1_885' title='bbox 3069 4914 3232 4973; x_wconf 85' lang='lat' dir='ltr'><strong>scire.</strong></span> <span class='ocrx_word' id='word_1_886' title='bbox 3264 4907 3415 4985; x_wconf 71' lang='lat' dir='ltr'><strong>quod</strong></span> 
     </span>
    </p>
   </div>
   <div class='ocr_carea' id='block_1_111' title="bbox 1856 4992 3411 5071">
    <p class='ocr_par' dir='ltr' id='par_1_111' title="bbox 1856 4992 3411 5071">
     <span class='ocr_line' id='line_1_111' title="bbox 1856 4992 3411 5071; baseline 0.005 -19"><span class='ocrx_word' id='word_1_887' title='bbox 1856 4998 1911 5052; x_wconf 90' lang='lat' dir='ltr'><strong>in</strong></span> <span class='ocrx_word' id='word_1_888' title='bbox 1946 4997 2240 5067; x_wconf 79' lang='lat' dir='ltr'><strong>Evangelio</strong></span> <span class='ocrx_word' id='word_1_889' title='bbox 2285 4999 2423 5052; x_wconf 87' lang='lat' dir='ltr'><strong>nihil</strong></span> <span class='ocrx_word' id='word_1_890' title='bbox 2469 5010 2576 5064; x_wconf 88' lang='lat' dir='ltr'><strong>est,</strong></span> <span class='ocrx_word' id='word_1_891' title='bbox 2610 4992 2896 5069; x_wconf 86' lang='lat' dir='ltr'><strong>quodnon</strong></span> <span class='ocrx_word' id='word_1_892' title='bbox 2943 5008 3219 5071; x_wconf 82' lang='lat' dir='ltr'><strong>possimus</strong></span> <span class='ocrx_word' id='word_1_893' title='bbox 3242 5006 3411 5059; x_wconf 79' lang='lat' dir='ltr'><strong>etiam</strong></span> 
     </span>
    </p>
   </div>
   <div class='ocr_carea' id='block_1_112' title="bbox 1857 5087 3415 5167">
    <p class='ocr_par' dir='ltr' id='par_1_112' title="bbox 1857 5087 3415 5167">
     <span class='ocr_line' id='line_1_112' title="bbox 1857 5087 3415 5167; baseline 0.004 -26"><span class='ocrx_word' id='word_1_894' title='bbox 1857 5088 2187 5156; x_wconf 78' lang='lat' dir='ltr'><strong>intelligere,</strong></span> <span class='ocrx_word' id='word_1_895' title='bbox 2226 5088 2352 5141; x_wconf 82' lang='lat' dir='ltr'><strong>ﬁdei</strong></span> <span class='ocrx_word' id='word_1_896' title='bbox 2387 5087 2597 5141; x_wconf 90' lang='lat' dir='ltr'><strong>lumine</strong></span> <span class='ocrx_word' id='word_1_897' title='bbox 2631 5090 2824 5157; x_wconf 87' lang='lat' dir='ltr'><strong>adjuti.</strong></span> <span class='ocrx_word' id='word_1_898' title='bbox 2855 5092 2961 5146; x_wconf 83' lang='lat' dir='ltr'><strong>Sed</strong></span> <span class='ocrx_word' id='word_1_899' title='bbox 2987 5106 3166 5162; x_wconf 85' lang='lat' dir='ltr'><strong>neque</strong></span> <span class='ocrx_word' id='word_1_900' title='bbox 3192 5107 3415 5167; x_wconf 73' lang='lat' dir='ltr'><strong>propter</strong></span> 
     </span>
    </p>
   </div>
   <div class='ocr_carea' id='block_1_113' title="bbox 1854 5173 3414 5245">
    <p class='ocr_par' dir='ltr' id='par_1_113' title="bbox 1854 5173 3414 5245">
     <span class='ocr_line' id='line_1_113' title="bbox 1854 5173 3414 5245; baseline 0.004 -13"><span class='ocrx_word' id='word_1_901' title='bbox 1854 5179 2161 5232; x_wconf 89' lang='lat' dir='ltr'><strong>doctrinam</strong></span> <span class='ocrx_word' id='word_1_902' title='bbox 2192 5191 2314 5245; x_wconf 73' lang='lat' dir='ltr'><strong>qua:</strong></span> <span class='ocrx_word' id='word_1_903' title='bbox 2344 5177 2401 5229; x_wconf 93' lang='lat' dir='ltr'><strong>in</strong></span> <span class='ocrx_word' id='word_1_904' title='bbox 2432 5192 2499 5230; x_wconf 92' lang='lat' dir='ltr'><strong>eo</strong></span> <span class='ocrx_word' id='word_1_905' title='bbox 2522 5179 2863 5241; x_wconf 89' lang='lat' dir='ltr'><strong>continetur.</strong></span> <span class='ocrx_word' id='word_1_906' title='bbox 2888 5190 2975 5235; x_wconf 89' lang='lat' dir='ltr'><strong>cst</strong></span> <span class='ocrx_word' id='word_1_907' title='bbox 3002 5173 3301 5237; x_wconf 66' lang='lat' dir='ltr'><strong>mundum</strong></span> <span class='ocrx_word' id='word_1_908' title='bbox 3327 5200 3414 5238; x_wconf 89' lang='lat' dir='ltr'><strong>ra-</strong></span> 
     </span>
    </p>
   </div>
   <div class='ocr_carea' id='block_1_114' title="bbox 1856 5266 3409 5332">
    <p class='ocr_par' dir='ltr' id='par_1_114' title="bbox 1856 5266 3409 5332">
     <span class='ocr_line' id='line_1_114' title="bbox 1856 5266 3409 5332; baseline 0.005 -13"><span class='ocrx_word' id='word_1_909' title='bbox 1856 5267 2083 5320; x_wconf 89' lang='lat' dir='ltr'><strong>tionem.</strong></span> <span class='ocrx_word' id='word_1_910' title='bbox 2114 5266 2251 5319; x_wconf 89' lang='lat' dir='ltr'><strong>Dicit</strong></span> <span class='ocrx_word' id='word_1_911' title='bbox 2277 5266 2426 5319; x_wconf 91' lang='lat' dir='ltr'><strong>enim</strong></span> <span class='ocrx_word' id='word_1_912' title='bbox 2466 5267 2522 5319; x_wconf 92' lang='lat' dir='ltr'><strong>in</strong></span> <span class='ocrx_word' id='word_1_913' title='bbox 2568 5270 2753 5323; x_wconf 88' lang='lat' dir='ltr'><strong>multis</strong></span> <span class='ocrx_word' id='word_1_914' title='bbox 2784 5269 2942 5332; x_wconf 77' lang='lat' dir='ltr'><strong>laris.</strong></span> <span class='ocrx_word' id='word_1_915' title='bbox 2985 5270 3155 5324; x_wconf 86' lang='lat' dir='ltr'><strong>Deum</strong></span> <span class='ocrx_word' id='word_1_916' title='bbox 3184 5275 3409 5327; x_wconf 84' lang='lat' dir='ltr'><strong>mada-</strong></span> 
     </span>
    </p>
   </div>
   <div class='ocr_carea' id='block_1_115' title="bbox 1851 5356 3406 5429">
    <p class='ocr_par' dir='ltr' id='par_1_115' title="bbox 1851 5356 3406 5429">
     <span class='ocr_line' id='line_1_115' title="bbox 1851 5356 3406 5429; baseline 0.003 -20"><span class='ocrx_word' id='word_1_917' title='bbox 1851 5356 1997 5411; x_wconf 85' lang='lat' dir='ltr'><strong>visse</strong></span> <span class='ocrx_word' id='word_1_918' title='bbox 2044 5356 2270 5425; x_wconf 79' lang='lat' dir='ltr'><strong>angelis,</strong></span> <span class='ocrx_word' id='word_1_919' title='bbox 2326 5357 2556 5410; x_wconf 89' lang='lat' dir='ltr'><strong>adorare</strong></span> <span class='ocrx_word' id='word_1_920' title='bbox 2589 5359 2783 5421; x_wconf 85' lang='lat' dir='ltr'><strong>Adam,</strong></span> <span class='ocrx_word' id='word_1_921' title='bbox 2830 5371 3021 5414; x_wconf 19' lang='lat' dir='ltr'><strong>etseos</strong></span> <span class='ocrx_word' id='word_1_922' title='bbox 3050 5360 3271 5429; x_wconf 78' lang='lat' dir='ltr'><strong>quidem</strong></span> <span class='ocrx_word' id='word_1_923' title='bbox 3313 5367 3406 5428; x_wconf 83' lang='lat' dir='ltr'><strong>qui</strong></span> 
     </span>
    </p>
   </div>
   <div class='ocr_carea' id='block_1_116' title="bbox 1851 5444 3406 5524">
    <p class='ocr_par' dir='ltr' id='par_1_116' title="bbox 1851 5444 3406 5524">
     <span class='ocr_line' id='line_1_116' title="bbox 1851 5444 3406 5524; baseline 0.005 -27"><span class='ocrx_word' id='word_1_924' title='bbox 1851 5445 2079 5518; x_wconf 83' lang='lat' dir='ltr'><strong>nollent,</strong></span> <span class='ocrx_word' id='word_1_925' title='bbox 2114 5445 2230 5498; x_wconf 83' lang='lat' dir='ltr'><strong>ﬁeri</strong></span> <span class='ocrx_word' id='word_1_926' title='bbox 2276 5444 2593 5524; x_wconf 71' lang='lat' dir='ltr'><strong>dtemones;</strong></span> <span class='ocrx_word' id='word_1_927' title='bbox 2623 5448 2919 5504; x_wconf 85' lang='lat' dir='ltr'><strong>adorantes</strong></span> <span class='ocrx_word' id='word_1_928' title='bbox 2955 5460 3140 5524; x_wconf 74' lang='lat' dir='ltr'><strong>autem</strong></span> <span class='ocrx_word' id='word_1_929' title='bbox 3186 5466 3406 5505; x_wconf 81' lang='lat' dir='ltr'><strong>manere</strong></span> 
     </span>
    </p>
   </div>
   <div class='ocr_carea' id='block_1_117' title="bbox 1850 5515 3404 5604">
    <p class='ocr_par' dir='ltr' id='par_1_117' title="bbox 1850 5515 3404 5604">
     <span class='ocr_line' id='line_1_117' title="bbox 1850 5515 3404 5604; baseline 0.004 -16"><span class='ocrx_word' id='word_1_930' title='bbox 1850 5515 2092 5603; x_wconf 84' lang='lat' dir='ltr'><strong>angelos.</strong></span> <span class='ocrx_word' id='word_1_931' title='bbox 2120 5534 2189 5587; x_wconf 84' lang='lat' dir='ltr'><strong>Et</strong></span> <span class='ocrx_word' id='word_1_932' title='bbox 2212 5515 2486 5604; x_wconf 72' lang='lat' dir='ltr'><strong>quomodo</strong></span> <span class='ocrx_word' id='word_1_933' title='bbox 2517 5537 2661 5592; x_wconf 88' lang='lat' dir='ltr'><strong>Deus</strong></span> <span class='ocrx_word' id='word_1_934' title='bbox 2684 5540 2998 5595; x_wconf 84' lang='lat' dir='ltr'><strong>mandasset</strong></span> <span class='ocrx_word' id='word_1_935' title='bbox 3024 5515 3404 5604; x_wconf 71' lang='lat' dir='ltr'><strong>idololatrian,</strong></span> 
     </span>
    </p>
   </div>
   <div class='ocr_carea' id='block_1_118' title="bbox 1850 5616 3403 5699">
    <p class='ocr_par' dir='ltr' id='par_1_118' title="bbox 1850 5616 3403 5699">
     <span class='ocr_line' id='line_1_118' title="bbox 1850 5616 3403 5699; baseline 0.006 -22"><span class='ocrx_word' id='word_1_936' title='bbox 1850 5623 2137 5693; x_wconf 81' lang='lat' dir='ltr'><strong>et-angelis</strong></span> <span class='ocrx_word' id='word_1_937' title='bbox 2168 5624 2437 5681; x_wconf 90' lang='lat' dir='ltr'><strong>honorem</strong></span> <span class='ocrx_word' id='word_1_938' title='bbox 2472 5626 2773 5695; x_wconf 85' lang='lat' dir='ltr'><strong>tribuisset,</strong></span> <span class='ocrx_word' id='word_1_939' title='bbox 2808 5628 2904 5699; x_wconf 88' lang='lat' dir='ltr'><strong>qui</strong></span> <span class='ocrx_word' id='word_1_940' title='bbox 2938 5630 3040 5685; x_wconf 88' lang='lat' dir='ltr'><strong>soli</strong></span> <span class='ocrx_word' id='word_1_941' title='bbox 3078 5616 3212 5683; x_wconf 79' lang='lat' dir='ltr'><strong>Deo‘</strong></span> <span class='ocrx_word' id='word_1_942' title='bbox 3231 5628 3403 5686; x_wconf 74' lang='lat' dir='ltr'><strong>debe-</strong></span> 
     </span>
    </p>
   </div>
  </div>
