4166 6330
790 224 924 287 1079

2094 226 2458 285 ΒΕἍΞΕΤΒΙΙ
2499 222 2801 286 CYDONH

3865 224 3986 287 103')

791 336 990 390 batur?
1021 337 1151 391 Item
1178 347 1234 392 et
1267 338 1478 391 ratione
1531 337 1791 392 doctrinae
1832 338 2219 393 irrationaliilis
2264 347 2340 391 est

2446 335 2798 406 ὀφειλομένην
2829 337 2991 389 ἔδωκε
3022 337 3206 401 δόξανς
3248 338 3364 389 Ἔτι
3393 337 3480 388 καῖ
3515 336 3589 404 τῷ
3616 337 3757 406 λόγῳ
3789 338 3886 387 τῶν
3918 339 3984 387 δι·

789 441 860 482 ex
887 428 1048 484 dictis
1071 429 1336 498 ipsorum.
1363 429 1426 483 ‘ln
1459 429 1546 483 illa
1578 426 1724 483 enim
1749 429 1866 498 lege
1891 430 2122 483 maxime
2153 441 2346 483 neces-

788 519 993 573 sarium
1019 522 1102 586 (ut
1126 521 1231 588 ipsi
1265 519 1476 588 dicunt)
1506 520 1609 573 hoc
1641 530 1744 582 est,
1784 529 1845 573 ut
1870 519 2085 572 dicatur
2118 519 2342 588 ubique,

789 611 943 678 quod
987 625 1095 664 non
1141 619 1226 664 est
1275 611 1415 665 Deus
1449 620 1646 676 prieter
1687 610 1879 673 Deum,
1917 621 1971 664 et
2006 611 2346 666 Malmmetus

789 713 876 758 est
916 701 1188 772 apostolus
1239 701 1354 756 Dei.
1404 701 1727 770 Additque:
1781 702 1844 753 Et
1896 701 2038 769 quod
2093 702 2231 755 Deus
2263 712 2346 756 est

793 806 1041 862 magnus.
1064 791 1166 845 Sed
1193 809 1314 860 qua:
1339 793 1684 846 annuntiatio
1714 804 1797 847 est
1827 794 1964 847 ista?
1985 791 2174 847 Nullus
2198 795 2342 848 enim

733 912 735 914 -
789 882 881 951 qui
917 881 1124 936 ratione
1165 883 1364 945 utitur,
1397 882 1580 936 dicere
1625 892 1810 948 posset
1859 884 2024 937 Deum
2069 899 2187 939 esse
2219 901 2343 953 par-

789 988 940 1026 vum.
995 973 1128 1032 ltem
1165 973 1473 1040 propositio
1521 985 1641 1042 quae
1687 974 1860 1028 dicit:
1908 975 2024 1029 Non
2072 987 2156 1031 est
2206 977 2345 1030 Deus

790 1071 990 1132 praeter
1023 1062 1214 1126 Deum,
1254 1078 1380 1116 vera
1412 1072 1494 1117 est
1538 1079 1635 1132 per
1681 1066 1937 1132 seipsam,
1972 1077 2027 1119 et
2055 1083 2082 1119 ιι
2116 1049 2264 1120 nullo
2293 1069 2341 1121 vi

790 1151 1203 1214 contradicitur,
1242 1151 1354 1205 sive
1389 1167 1531 1205 unus
1567 1152 1637 1206 sit
1684 1153 1842 1212 Deus.
1890 1155 2000 1208 sive
2034 1155 2237 1220 plures.
2277 1155 2344 1208 Et

789 1240 847 1296 in
876 1240 1128 1296 omnibus
1156 1241 1438 1294 verissima
1473 1250 1556 1295 est
1596 1242 1720 1294 talis
1750 1241 2066 1310 duplicatio.
2101 1243 2219 1296 Non
2262 1253 2345 1296 est

786 1332 934 1388 enim
966 1332 1191 1401 angelus
1218 1331 1324 1386 nisi
1360 1333 1606 1401 angelus.
1641 1342 1696 1385 et
1733 1348 1838 1385 non
1889 1341 1973 1386 est
2026 1334 2185 1386 homo
2241 1335 2339 1388 nisi

787 1423 974 1486 homo,
1006 1433 1062 1476 et
1092 1438 1200 1476 non
1230 1433 1326 1489 est
1352 1428 1538 1477 asinus
1571 1425 1676 1476 nisi
1721 1425 1926 1478 asinus.
1974 1425 2075 1478 Bos
2109 1425 2252 1478 enim
2289 1436 2343 1479 ct

780 1513 943 1592 canis
969 1529 1078 1568 non
1111 1523 1194 1570 est
1236 1515 1446 1568 asinus.
1480 1515 1607 1580 Qua:
1651 1524 1831 1569 autem
1872 1516 2024 1576 dicit.
2065 1516 2340 1570 Mahomc-

764 1590 878 1666 Γιιιε
900 1615 983 1660 est
1008 1606 1290 1674 apostolus
1323 1606 1436 1670 Dei,
1464 1607 1620 1660 valde
1649 1617 1732 1661 est
1767 1609 2035 1675 ambigua.
2075 1608 2204 1674 Qum
2245 1608 2342 1677 igi-

785 1705 879 1754 tur
911 1697 1052 1752 ratio
1096 1699 1456 1752 connexionis
1494 1699 1687 1752 harum
1730 1699 1960 1753 duarum
2005 1701 2338 1769 propositio-

786 1803 942 1850 num,
979 1788 1142 1842 unius
1174 1788 1419 1857 quidem,
1475 1805 1574 1858 per
1626 1791 1860 1857 seipsam
1905 1801 2066 1853 notaa,
2114 1791 2339 1844 alterius

788 1886 971 1939 autem
1007 1894 1105 1947 per
1141 1879 1373 1946 seipsam
1406 1880 1642 1948 ignotae?
1683 1879 1812 1944 Quae
1865 1881 2042 1934 virtus
2091 1880 2178 1934 vel
2221 1895 2340 1949 quze

786 1968 1017 2030 utilitas,
1049 1976 1109 2020 ut
1141 1968 1454 2036 quicunque
1486 1969 1590 2022 hoc
1624 1969 1970 2032 confiteatur,
2006 1969 2071 2023 de
2097 1971 2338 2026 necessi-

785 2066 900 2112 tate
934 2058 1214 2113 salvetur?
1267 2059 1398 2112 ltem
1431 2059 1773 2114 Mahometus
1811 2061 1864 2114 in
1913 2061 2170 2128 praedicta
2222 2063 2338 2131 lege

785 2147 942 2211 dicit,
973 2150 1115 2217 quod
1156 2164 1345 2203 omnes
1378 2150 1626 2204 homines
1658 2167 1824 2205 unum
1865 2162 2042 2217 erant,
2071 2163 2128 2207 et
2178 2155 2339 2209 unius

782 2251 968 2302 sectae,
1017 2249 1071 2294 et
1115 2241 1278 2294 unius
1309 2242 1610 2309 religionis,
1665 2241 1806 2295 Deus
1857 2253 2039 2296 autem
2094 2243 2339 2298 diversos

785 2344 885 2388 eos
915 2329 1061 2391 fecit,
1089 2330 1180 2398 qui
1212 2331 1360 2384 misit
1388 2332 1636 2386 diversos
1669 2331 1982 2399 prephetas.
2017 2332 2129 2387 lloc
2158 2343 2336 2388 autem

787 2436 966 2490 neque
987 2437 1274 2490 quousque
1297 2432 1557 2492 appareat
1588 2437 1774 2478 verum
1803 2438 1922 2478 esse
1944 2434 2142 2492 potest.
2175 2425 2339 2479 Maxi-

784 2526 874 2565 me
905 2513 1048 2565 enim
1081 2529 1222 2566 unus
1256 2513 1418 2577 Deus,
1448 2511 1541 2580 qui
1574 2511 1806 2566 maxime
1839 2513 2102 2567 unitatem
2145 2524 2199 2568 et
2240 2514 2337 2567 ho-

784 2599 994 2660 minum
1023 2603 1253 2656 salutem
1285 2612 1451 2655 amat.
1504 2602 1622 2656 Non
1658 2603 1805 2656 enim
1840 2604 2117 2657 divisisset
2162 2605 2340 2658 homi-

784 2707 883 2748 nes
927 2693 983 2747 in
1029 2692 1273 2747 diversas
1305 2702 1485 2750 sectas
1520 2702 1576 2747 et
1609 2708 1826 2748 errores
1873 2703 1930 2748 et
1977 2694 2332 2763 perditiones.

783 2782 889 2837 Sed
923 2784 1027 2837 hoc
1069 2785 1274 2838 invidia
1311 2785 1572 2839 daemonis
1607 2785 1808 2838 factum
1861 2795 1965 2848 est,
2003 2796 2058 2838 et
2091 2787 2335 2854 nequitia

782 2872 1085 2935 hominum,
1131 2873 1492 2940 permissione
1537 2881 1716 2925 tamen
1767 2871 1882 2932 Dei,
1931 2873 2021 2940 qui
2069 2875 2337 2940 permittit

2445 426 2731 494 δογμάτων
2763 415 2963 494 ἄλογός
2994 429 3126 481 ἐστι.
3163 428 3235 479 Τὸ
3266 428 3371 494 γὰρ
3416 430 3470 479 ὲν
3505 429 3692 496 ἐκείνῳ
3724 429 3799 496 τῷ
3844 429 3976 496 νάμῳ

2449 517 2682 583 μάλιστα
2713 519 2806 570 καὶ
2839 519 2996 586 μόνον
3030 519 3343 584 ἀναγκαῖον,
3377 519 3450 580 ὼς
3485 519 3636 570 alto!
3668 537 3818 584 φασι,
3850 521 3980 572 τοῦτ’

2478 627 2581 674 στι,
2610 613 2668 662 τὸ
2709 612 3112 679 διαγγέλλεσθαι
3148 612 3440 681 πανταχοῦ,
3487 615 3561 676 ὡς
3594 616 3692 666 ούκ
3724 615 3837 667 ἐστι
3865 615 3985 678 Θεὸς

2445 701 2584 770 πλὴν
2625 702 2718 754 τοῦ
2754 702 2909 765 Θεοῦ,
2956 694 3116 768 καὶ.ίὸ
3153 705 3447 772 Μαχούμετ
3495 705 3642 756 ἐστὶν
3684 706 3979 765 ἁπύστολος,

2447 791 2800 859 Προστιθέασί
2821 809 2877 843 τε
2907 794 2996 844 καὶ
3030 795 3107 846 ὅτι
3142 796 3168 844 6
3189 795 3319 855 Θεός
3347 796 3464 846 ἐστι
3502 795 3691 862 μέγας.
3743 795 3894 845 ’Λλλᾶ
3914 798 3984 856 τίς

2445 883 2734 949 εύαγγελία
2755 884 2900 935 ὲστῖν
2923 885 2953 950 ἠ
2976 885 3192 953 τοιαύτη
3212 902 3226 946 ;
3253 885 3554 951 Οὐδεὶςγάρ
3581 888 3690 936 ἐστι
3710 886 3848 950 λόγῳ
3864 888 3988 953 19:5,-

2447 989 2627 1041 μενοτ,
2666 974 2723 1035 ὃς
2771 973 2833 1025 ἂν
2867 974 3006 1025 εἴποι
3043 974 3132 1024 τὸν
3179 975 3306 1025 Θεὸν
3342 970 3476 1026 εἶναι
3538 975 3750 1042 μικρόν.
3802 976 3914 1026 Ἐτι
3955 977 3984 1044 ἡ

2443 1065 2672 1131 λέγουσα
2699 1067 2980 1134 πρότασις,
3023 1065 3133 1117 Οὔκ
3175 1064 3287 1116 ἔστι
3341 1064 3470 1125 Θεὸς
3515 1064 3652 1131 πλὴν
3696 1065 3786 1116 τοῦ
3842 1066 3986 1127 Θεοῦ,

2444 1154 2650 1223 ἀληθής
2687 1157 2797 1207 ἐστι
2831 1155 2950 1206 καθ’
2985 1155 3174 1220 αὐτὴν,
3204 1155 3294 1216 καὶ
3324 1155 3453 1222 παρ’
3483 1155 3690 1215 οὐδενὸς
3725 1155 3988 1218 ἀντιλέγε-

2442 1262 2554 1309 ται,
2584 1249 2693 1298 εἴτε
2721 1241 2912 1322 εἷςεὶἠ
2935 1245 3085 1307 Θεὸς,
3114 1247 3217 1297 εἴτε
3257 1246 3490 1307 πλείους.
3525 1246 3631 1296 Καὶ
3667 1245 3756 1296 ἐπὶ
3787 1244 3989 1296 πάντων

2444 1337 2783 1404 ἀληθεστάτη
2839 1337 2983 1388 ἐστὶν
3034 1339 3066 1406 ἠ
3119 1337 3342 1402 τοιαύτη
3391 1337 3856 1397 ἐπαναδίπλωσις·
3899 1337 3989 1387 οῦκ

2442 1429 2556 1482 ἔστι
2592 1428 2698 1498 γὰρ
2737 1430 2962 1496 ἄγγελος
2993 1431 3039 1480 εξ
3087 1431 3158 1498 μὴ
3187 1429 3412 1496 ἄγγελος
3433 1447 3445 1460 ο
3479 1431 3566 1481 καὶ
3593 1429 3692 1481 οὐκ
3735 1429 3880 1479 ἔστιν
3909 1428 3988 1478 ἄν·

2444 1520 2656 1587 θρωπο;
2691 1521 2736 1570 εἰ
2765 1517 2839 1587 μὴ
2863 1520 3173 1587 ἄνθρωπος’
3213 1521 3305 1571 καὶ
3330 1519 3426 1570 ούκ
3462 1520 3606 1570 ἔστιν
3639 1521 3664 1569 6
3693 1517 3812 1577 ὄνος
3840 1517 3887 1566 εἱ
3923 1516 3990 1583 μὴ

2441 1608 2577 1668 δνος.
2627 1608 2683 1659 '0
2712 1610 2816 1676 γὰρ
2851 1607 2971 1676 βοῦς
3007 1609 3097 1658 καὶ
3130 1611 3156 1660 ὁ
3189 1608 3331 1660 κύων
3363 1609 3460 1659 οὐκ
3489 1609 3632 1658 ἔστιν
3667 1609 3808 1666 ὄνος.
3846 1607 3909 1656 ’11
3940 1607 3988 1657 δὲ

2440 1697 2691 1762 λέγουσα,
2709 1699 2764 1752 ’0
2792 1698 3080 1767 Μαχούμετ
3103 1699 3247 1750 ἐστὶν
3268 1699 3555 1760 ἀπόστολος
3583 1698 3671 1750 τοῦ
3696 1698 3852 1760 Θεοῦ,
3881 1699 3990 1750 λίαν

2441 1788 2586 1842 ἐστὶν
2611 1789 2928 1856 ἀμφίϐολος.
2961 1789 3092 1840 Ποία
3124 1781 3301 1840 τοίνυν
3333 1788 3481 1840 αἰτία
3509 1788 3606 1854 τῆς
3636 1789 3877 1855 συναφῆς
3895 1788 3991 1839 τῶν

2443 1879 2537 1932 δύο
2567 1879 2774 1932 τοὺτων
2803 1880 3306 1947 προτάσεωνημιᾶς
3347 1879 3443 1944 μὲν
3477 1879 3597 1930 καθ’
3633 1878 3831 1946 ἑαυτὴν
3866 1895 3994 1943 γυιων

2443 1971 2594 2040 στῆς,
2623 1971 2720 2038 τῆς
2747 1969 2801 2022 δὲ
2844 1969 3035 2038 λοιπῆς
3061 1971 3336 2038 ἀγνώστου
3372 1969 3491 2021 καθ’
3515 1969 3754 2036 ἐαυτήνς
3785 1967 3850 2020 ’11
3877 1970 3994 2020 ποὲα

2438 2066 2606 2135 ἀρετὴ
2642 2066 2672 2134 ἦ
2716 2064 2946 2134 ὠφέλεια
2981 2065 3046 2124 τὰ
3093 2063 3312 2120 τοιαῦτα
3361 2063 3656 2132 ὁμολογεῖν,
3693 2064 3787 2127 καὶ
3828 2059 3992 2120 οὕτως

2439 2154 2576 2209 εἶναι
2633 2159 2950 2224 ἀναγκαῖον,
2986 2150 3122 2210 ὥστε
3159 2155 3457 2222 ἐξανὸιγκης
3505 2154 3770 2215 σώζεσθαι
3822 2154 3996 2205 πάντα

2438 2246 2528 2298 τὸν
2583 2245 2771 2308 οὕτωςκ
2793 2246 3185 2314 ὀμολογοῦντα;
3240 2247 3358 2298 Ἔτι
3405 2247 3432 2296 6
3479 2243 3774 2313 Μαχούμετ
3820 2245 3878 2294 ἐν
3926 2244 3996 2309 τῷ

2440 2336 2822 2404 προειρημένῳ
2846 2338 2994 2404 νόμῳ
3018 2337 3200 2404 φησιν,
3233 2336 3315 2387 ὅτι
3341 2335 3538 2395 πέντες
3565 2336 3614 2386 οἱ
3641 2333 3921 2403 ἅνθρωποι
3944 2332 3996 2384 ἓν

2439 2417 2596 2490 ἦσαν,
2633 2424 2728 2475 καὶ
2779 2427 2905 2491 μιᾶς
2941 2425 3223 2492 αἱρέσεως,
3261 2425 3352 2476 καὶ
3389 2426 3516 2490 μιᾶς
3544 2424 3878 2492 θρησκείαςο
3913 2423 3995 2475 τὸν

2437 2513 2492 2566 δὲ
2514 2512 2641 2564 Θεὸν
2671 2512 2954 2582 διαφόρους
2981 2516 3174 2575 αὐτοὺς
3206 2515 3446 2580 ποιῆσαι,
3476 2514 3862 2565 ἀποστείλαντα
3892 2513 3996 2565 δια-

2441 2604 2638 2672 φόρους
2674 2606 2973 2672 προφὴτας.
3006 2604 3174 2656 Τοῦτο
3201 2606 3256 2656 δὲ
3285 2604 3402 2656 οῦδὲ
3442 2604 3599 2672 μέχρι
3624 2603 3889 2666 τοῦ“δῦξαι
3915 2604 3992 2671 εἴη

2440 2693 2505 2746 ἂν
2538 2693 2756 2762 ἀληθές.
2801 2693 2858 2745 Ὀ
2893 2693 3000 2761 γὰρ
3046 2695 3274 2762 μάλιστα
3326 2693 3404 2756 εἷς
3437 2695 3587 2756 Θεὸς,
3624 2677 3724 2746 καί
3765 2693 3995 2760 μάλιστα

2438 2784 2534 2853 τὴν
2568 2786 2794 2853 ἑνότητα
2830 2787 2920 2838 διαὶ
2947 2786 3045 2851 τὴν
3079 2785 3187 2838 τῶν
3224 2785 3524 2853 ἀνθ-ρώπων
3559 2785 3835 2854 σωτηρίαν
3863 2786 3994 2850 ἀγα·

2442 2875 2579 2937 πῶν,
2605 2874 2705 2924 οὐκ
2727 2875 2790 2926 ἂν
2813 2875 2974 2926 διεῖλε
2998 2877 3122 2937 τοὺς
3146 2875 3464 2945 ἀνθρώπους
3495 2876 3573 2937 εἰς
3596 2876 3887 2943 διαφόρους
3918 2875 3994 2925 αι-

779 2976 877 3016 eos
899 2961 993 3030 qui
1019 2960 1212 3014 nolunt
1241 2960 1468 3014 credere
1499 2959 1733 3025 veritati,
1760 2961 1813 3014 in
1841 2961 2087 3016 diversos
2117 2978 2336 3017 errores

2440 2963 2638 3029 ρέσεις,
2655 2964 2750 3015 καὶ
2769 2963 2992 3025 πλάνας,
3021 2967 3114 3016 καὶ
3135 2966 3426 3026 ἀπωλείας.
3456 2965 3615 3017 Ἀλλὰ
3637 2967 3794 3018 τοῦτο
3819 2967 3992 3033 φθόνῳ

781 3051 1046 3105 incidere.
1095 3050 1226 3104 Item
1272 3049 1613 3104 Mahometus
1661 3050 1714 3103 in
1745 3051 2004 3118 praedicta
2036 3053 2152 3121 lege
2180 3053 2371 3120 ju!:et‘

782 3150 1036 3210 tanquam
1066 3156 1130 3195 ex
1165 3154 1261 3194 ore
1287 3139 1405 3203 Dei,
1438 3139 1680 3192 interimi
1722 3140 1988 3204 inﬁdeles,
2022 3141 2072 3195 id
2113 3151 2197 3194 est
2239 3157 2334 3195 eos

780 3235 875 3299 qui
899 3249 1006 3288 non
1032 3241 1158 3286 sunt
1184 3232 1465 3286 Saraceni.
1500 3232 1630 3287 ltcm
1663 3230 1795 3285 dicit
1821 3233 1888 3284 de
1918 3233 2020 3294 eis,
2046 3232 2189 3300 quod
2225 3245 2350 3287 non

777 3333 1007 3396 possunt
1038 3336 1183 3377 recta
1217 3323 1476 3392 cogitare,
1523 3339 1645 3378 cum
1693 3338 1720 3376 a
1771 3323 1882 3377 Deo
1913 3338 2022 3376 non
2053 3307 2334 3379 deducun-

780 3425 906 3482 tur;
940 3416 1288 3476 Deusautem
1331 3429 1426 3468 eos
1469 3429 1576 3467 non
1622 3413 1867 3466 deducit.
1903 3413 2008 3466 Sed
2058 3413 2334 3467 in‘conve-

777 3506 937 3571 nlens
972 3504 1229 3572 interimi,
1261 3516 1547 3574 prepterea
1571 3503 1716 3571 quod
1757 3518 1864 3556 non
1899 3511 2157 3571 possunt;
2194 3519 2332 3572 quos

777 3603 960 3651 autem
988 3580 1235 3666 possunt,
1255 3611 1362 3649 non
1391 3595 1721 3649 conveniens
1743 3603 1825 3647 est
1849 3589 2058 3663 cogere,
2082 3605 2330 3664 propter-

776 3701 848 3752 ea
869 3687 1014 3755 quod
1045 3702 1152 3740 non
1198 3685 1372 3754 placet
1406 3684 1514 3738 Deo
1557 3684 1792 3738 serVitus
1829 3693 2036 3738 coacta.
2068 3683 2329 3740 'lntcrimi

778 3761 960 3834 autem
997 3777 1099 3829 nisi
1126 3777 1370 3841 credant,
1407 3775 1491 3830 vel
1523 3776 1706 3843 aliquo
1739 3773 1900 3828 modo
1926 3775 2094 3828 simul
2125 3775 2329 3844 impelli

778 3871 846 3924 ad
874 3868 1225 3932 credendum,
1257 3867 1454 3934 etipsc
1489 3867 1581 3934 qui
1635 3865 1763 3920 lucc,
1793 3866 2012 3918 mandat
2057 3863 2337 3918 Mahome-

783 3966 872 4021 tus
942 3957 1332 4018 inconveniens
1375 3957 1581 4026 judicat
1635 3962 1691 4009 et
1742 3954 2134 4007 irrationabile.
2190 3954 2331 4008 Dicit

726 4055 730 4058 ’
778 4049 925 4102 enim
957 4049 1010 4100 in
1045 4049 1281 4114 capitulo
1310 4045 1458 4100 J0me
1493 4065 1507 4100 :
1549 4046 1604 4101 Si
1636 4045 1900 4099 voluisset
1932 4045 2092 4106 Deus,
2141 4058 2332 4098 omnes

726 4172 729 4173 ν
773 4139 884 4208 jam
908 4136 1270 4192 credidissent
1298 4138 1395 4203 qui
1425 4144 1550 4192 sunt
1583 4138 1636 4189 in
1670 4147 1833 4190 terra.
1871 4137 1936 4189 Et
1969 4143 2026 4187 tu
2057 4134 2204 4202 cogis
2229 4134 2330 4187 ho-

779 4231 955 4282 mines
999 4237 1062 4282 ut
1102 4227 1360 4281 credant?
1404 4225 1471 4278 Et
1518 4226 1700 4279 nullus
1749 4234 1926 4293 potest
1969 4239 2087 4278 esse
2130 4223 2326 4286 ﬁdelis,

2441 3052 2530 3102 τοῦ
2559 3051 2809 3119 δαίμονος
2845 3053 3050 3120 γέγονε,
3089 3042 3439 3122 καιπονηρίᾳ
3467 3055 3790 3124 ἀνθρώπων,
3824 3073 3994 3123 παρα·

2439 3147 2676 3216 χωρήσει
2697 3145 2878 3216 μέντοι
2906 3147 3060 3211 Θεοῦ,
3085 3148 3206 3208 τοὺς
3236 3147 3308 3216 μὴ
3339 3146 3689 3214 βουλομένους
3709 3146 3991 3198 πιστεῦσαι

2438 3238 2504 3304 τῇ
2562 3236 2787 3305 ἀληθείᾳ
2817 3236 3086 3305 διαφόροις
3121 3237 3408 3290 ὑποπεσεῖν
3432 3236 3671 3303 αἱρέσεσι
3709 3237 3991 3306 συγχωρή-

2442 3341 2654 3387 σαντος.
2691 3327 2811 3377 Ἔτι
2857 3329 2884 3378 6
2914 3326 3153 3394 Μωάμεθ
3200 3328 3256 3378 ὲν
3288 3326 3362 3394 τῷ
3417 3327 3802 3396 προειρημένῳ
3846 3329 3993 3394 νόμῳ

2440 3415 2649 3477 κελεύει
2690 3403 2876 3481 ὥσπερ
2921 3416 2986 3466 ἐκ
3025 3410 3293 3483 στόματος
3337 3415 3826 3495 Θεοῦ.φοκιεύεσθαι
3871 3418 3993 3477 τοὺς

2441 3504 2723 3570 ἀπίστους,
2745 3501 2988 3556 τουτέστι
3017 3504 3140 3566 τοὺς
3161 3504 3233 3572 μὴ
3256 3505 3406 3566 ὄντας
3428 3506 3812 3574 Σαρρακηνούς
3833 3525 3846 3537 ·
3871 3507 3997 3560 καί·

2441 3612 2521 3647 τοι
2555 3612 2615 3663 γε
2646 3593 2812 3647 εἰπὼν
2852 3597 2976 3662 περὶ
3020 3593 3215 3658 αὐτῶν,
3249 3594 3321 3655 ὡς
3355 3595 3413 3645 οὗ
3457 3596 3706 3647 δύνανται
3746 3596 3814 3649 τά
3861 3597 3995 3664 ὀρθὰ

2441 3689 2672 3755 φρονεῖν,
2701 3687 2774 3755 μὴ
2800 3672 2949 3754 παρά
2977 3684 3110 3737 Ε)εοῦ
3136 3686 3483 3755 ὁδηγούμενοι
3506 3704 3516 3715 ·
3543 3687 3632 3738 τὸν
3652 3687 3708 3738 δὲ
3739 3687 3874 3739 Θεὸν
3903 3689 3995 3741 αὐ-

2438 3778 2564 3835 τοὺς
2597 3776 2670 3842 μὴ
2699 3775 2981 3843 ὸδηγῆσαι.
3021 3775 3181 3826 Ἀλλὰ
3209 3776 3405 3827 ἄτοπον
3440 3777 3781 3844 φονεύεσθαι,
3815 3779 3901 3830 διὰ
3937 3779 3996 3831 τὸ

2442 3863 2827 3933 μὴδύνασθαι·
2871 3863 2962 3924 οὒς
2994 3864 3088 3916 καὶ
3118 3864 3447 3930 δυναμένους
3491 3865 3548 3916 ού
3601 3866 3881 3932 προσῆκον
3931 3861 3996 3934 ἦν

2439 3951 2861 4018 ηναγκὰζεσθαι,
2896 3951 2979 4003 διὰ
3005 3954 3063 4003 τὸ
3096 3953 3168 4020 μὴ
3205 3953 3456 4019 ἀρέσκειν
3485 3953 3558 4021 τῷ
3586 3954 3703 4019 Θεῷ
3733 3954 3835 4022 τὴν
3873 3971 4000 4008 κιτ-

2435 4040 2858 4110 ηναγκασμένην
2903 4041 3176 4107 λατρείαν.
3226 4041 3296 4092 Τὸ
3332 4041 3386 4092 δὲ
3437 4041 3778 4108 φονεύεσθαι,
3835 4044 3995 4113 εἰμὴ

2437 4128 2804 4191 πιστεύσαιεν,
2833 4129 2864 4198 ἦ
2893 4128 3074 4197 ἕτερον
3095 4129 3289 4196 τρόπον
3325 4128 3679 4195 συνωθ-εἰσθαι
3704 4131 3784 4190 εἰς
3819 4130 3881 4182 τὸ
3912 4147 4000 4182 πι-

2438 4220 2670 4283 στεύειν,
2706 4219 2799 4271 καὶ
2845 4219 3003 4283 αὐτὸς
3046 4221 3072 4271 6
3103 4219 3272 4272 ταῦτα
3314 4221 3668 4289 προστάσσων
3695 4221 3996 4289 Μαχούμετ

780 4316 887 4368 nisi
923 4315 1028 4368 hoc
1059 4315 1110 4369 ei
1141 4329 1461 4368 concessum
1497 4315 1620 4367 sita
1651 4314 1780 4367 Deo.
1813 4313 1925 4366 [loc
1957 4320 2136 4365 autem
2168 4311 2331 4365 latius

2434 4302 2630 4364 ἄτοπον
2661 4310 2835 4378 κρίνει
2867 4308 2960 4364 καὶ
2989 4309 3199 4376 ἄλογον.
3233 4309 3367 4377 Φησὶ
3389 4311 3496 4378 γὰρ
3523 4312 3577 4363 ἐν
3607 4311 3684 4378 τῷ
3713 4312 3994 4377 κεφαλαίῳ

776 4405 1162 4474 explicabimus
1193 4405 1245 4456 in
1275 4403 1651 4473 sequentibus,
1694 4405 1745 4456 in
1788 4418 1931 4456 nono
1966 4402 2224 4470 capitulo.

2432 4399 2527 4452 τοῦ
2570 4400 2748 4450 Ἰωνᾶ·
2790 4399 2848 4449 El
2881 4389 3067 4464 ἤθελεν
3096 4400 3123 4449 6
3155 4397 3307 4460 Θεὸς,
3344 4399 3538 4460 πάντες
3572 4400 3636 4452 ἂν
3665 4401 3993 4452 ἐπὶστευσαν

776 4500 825 4555 ol
845 4501 902 4550 ὲν
932 4501 997 4568 τῇ
1027 4502 1118 4566 τῇ.
1139 4498 1248 4550 Καὶ
1271 4500 1333 4550 σὺ
1356 4495 1682 4561 ἀναγκάζεις
1704 4496 1824 4555 τοὺς
1847 4494 2159 4563 ἀνθρώπους
2182 4494 2316 4546 ὥστε
2342 4492 2618 4547 πιστεύειν
2642 4508 2657 4556 ;
2682 4493 2789 4544 Καὶ
2839 4491 3005 4552 ούὸεἲς
3023 4489 3243 4543 δύναται
3267 4487 3403 4543 εἶναι
3439 4493 3646 4554 πιστὸς,
3663 4494 3712 4544 εἰ
3749 4493 3826 4564 μὴ
3848 4493 3995 4546 τοῦτ’

773 4587 936 4655 αὐτῷ,
956 4585 1232 4656 χαρισθείη
1270 4585 1417 4655 παρά
1438 4584 1613 4651 Θεοῦ;
1644 4585 1809 4636 Τοῦτο
1838 4585 1890 4636 δὲ
1922 4585 2252 4654 πλατύτερον
2281 4583 2744 4651 ἐπεξελευσόμεθα
2761 4587 2817 4652 ὲν
2838 4585 2946 4643 τοῖς
2987 4583 3267 4651 ἑπομένοις
3298 4583 3445 4652 ὲντῷ
3465 4584 3670 4654 δεκάτῳ
3687 4588 3992 4658 κεφαλαίῳ.

836 4669 1240 4736 ἰιι-διὶοηιὼἱιίε
1268 4691 1351 4734 est
1390 4690 1571 4736 autem
1604 4681 1689 4734 lex
1729 4680 1843 4734 haec
1880 4691 1932 4733 et
1962 4691 2183 4751 propter
2216 4682 2328 4734 lucc

715 4777 718 4779 “
778 4771 846 4825 de
872 4770 1071 4838 quibus
1105 4778 1321 4825 tractat.
1357 4769 1509 4846 Facit
1541 4769 1686 4821 enim
1718 4769 2010 4835 capitulum
2041 4771 2326 4838 proprium

775 4861 842 4919 de
868 4860 1113 4922 formica,
1142 4869 1215 4923 et,
1232 4861 1377 4914 aliud
1424 4860 1489 4913 de
1524 4876 1742 4922 aranea,
1772 4870 1825 4912 et
1852 4860 1996 4912 aliud
2029 4862 2094 4915 de
2133 4861 2322 4925 fumo;

776 4955 935 5024 cujus
959 4965 1144 5015 autem,
1167 4955 1336 5022 gratia
1367 4954 1508 5007 Deus
1543 4953 1664 5006 talia
1691 4952 1966 5005 mandavit
2001 4955 2066 5007 dc
2099 4955 2325 5007 formica

775 5056 831 5102 et
858 5046 925 5100 de
952 5045 1135 5097 fumo?
1172 5044 1304 5097 ltem
1346 5043 1496 5109 dicit,
1539 5041 1680 5108 quod
1713 5058 1988 5110 nunquam
2034 5043 2174 5097 Deus
2207 5061 2329 5112 par-

777 5147 900 5186 cere
928 5140 1114 5200 posset
1163 5130 1472 5184 ostendenti
1508 5138 1657 5198 terga
1693 5130 1946 5195 inimicis,
1992 5142 2047 5185 et
2095 5134 2326 5199 reliqua.

759 5223 934 5289 “Quod
966 5232 1145 5281 autem
1179 5230 1485 5290 peccatum,
1523 5219 1709 5287 fugere
1743 5221 2014 5274 hominem
2063 5222 2115 5274 in
2162 5223 2327 5287 bello,

777 5314 1052 5366 videntem
1088 5312 1325 5377 seipsum
1361 5309 1412 5359 in
1451 5308 1737 5374 periculo?
1765 5307 1868 5361 Sed
1906 5309 2074 5361 voluit
2104 5310 2186 5362 vel
2221 5312 2332 5362 bel-

778 5405 977 5472 licosos
1027 5403 1196 5469 ipsos,
1221 5400 1306 5453 vel
1337 5400 1571 5452 audaces
1603 5398 1938 5452 Mahomctus
1970 5399 2167 5454 facere.
2197 5402 2327 5454 Item

779 5499 863 5556 te:
888 5508 1008 5563 quae
1028 5495 1181 5561 jubet
1210 5492 1276 5544 dc
1309 5489 1599 5559 lavatione,
1633 5479 2020 5544 irratio'na‘liilis
2044 5503 2126 5545 est
2153 5494 2328 5545 omni-

774 5600 868 5652 no,
893 5580 1105 5645 Maiidat
1142 5583 1286 5636 enim
1334 5578 1552 5650 quando
1581 5593 1738 5632 orare
1769 5579 1957 5644 velint,
1993 5581 2172 5634 luvare
2216 5597 2327 5635 ma-

2507 4680 2733 4746 Ἀλογος
2796 4678 2852 4729 δέ
2919 4680 3060 4728 ἐστιν
3123 4669 3274 4739 οὗτος
3320 4681 3348 4729 6
3399 4679 3556 4748 νόμος
3614 4683 3708 4732 καὶ
3776 4684 3866 4737 διὰ
3926 4678 4002 4737 τά

2436 4770 2562 4838 περὶ¹
2615 4763 2690 4821 ὧν
2753 4769 3214 4838 πραγματεύεται.
3253 4768 3476 4836 Ποιῆσαι
3532 4769 3638 4837 γὰρ
3697 4775 3992 4839 κεφάλαιον

2435 4858 2601 4911 ιδικὸν
2662 4859 2791 4927 περί
2855 4857 2945 4908 τοῦ
3004 4857 3308 4930 μύρμηκος,
3370 4861 3463 4910 καὶ
3518 4859 3646 4911 ἄλλο
3700 4862 3834 4931 περὶ
3899 4860 4026 4917 τοῦ”

2434 4952 2693 5020 ἀράχνου,
2734 4950 2826 5001 καὶ
2873 4948 2996 5000 ἄλλο
3037 4953 3164 5017 περὶ
3195 4949 3286 5001 τοῦ
3347 4950 3575 5012 καπνοῦ,
3613 4949 3752 5018 τίνος
3786 4953 3841 5004 δὲ
3895 4957 3993 5024 χά-

2435 5058 2518 5109 ριν
2545 5044 2572 5092 6
2600 5040 2729 5102 Θεὸς
2777 5038 2992 5091 τοιαῦτα
3046 5041 3523 5108 ἐνετείλατοσπερὶ
3569 5041 3662 5092 τοῦ
3701 5043 3989 5115 μύρμηκος

2387 5161 2392 5167 -
2434 5135 2527 5184 καὶ
2552 5132 2644 5183 τοῦ
2683 5129 2928 5188 καπνοῦς
2960 5132 3080 5183 Ἔτι
3112 5129 3296 5197 ᾧησὶν,
3324 5131 3397 5193 ὡς
3425 5131 3665 5184 οὐδέποτ’
3701 5134 3768 5186 ἂν
3798 5139 3825 5187 6
3859 5137 3990 5200 Θεὸς

2437 5221 2692 5290 συγγνοίη
2716 5215 3069 5292 Σαί,ρακηνὶῖ›;
3087 5222 3317 5284 angam
3337 5222 3478 5273 νῶτα
3500 5226 3608 5301 τοῖς
3632 5225 3864 5295 ἐχθροῖς,
3894 5232 3987 5282 καὶ

2435 5315 2493 5365 τὰ
2521 5313 2700 5364 λοιπά..
2739 5314 2952 5366 [lo-faris
2984 5315 3224 5381 ἁμαρτία
3264 5317 3451 5380 φυγεῖν
3488 5318 3576 5368 τὸν
3614 5318 3901 5386 ἄνθρωπον
3928 5322 3985 5373 ὲν

2432 5405 2664 5470 πολέμῳ,
2693 5406 2901 5470 ὁρῶντα
2927 5405 3112 5456 ἑαυτὸν
3144 5405 3201 5454 ὲν
3236 5406 3463 5474 κινδύνῳ
3487 5424 3500 5468 ;
3539 5408 3681 5464 ’Ἀλλ’
3708 5409 3979 5480 ἠϐουλήθη

2430 5496 2521 5546 καὶ
2548 5495 2870 5561 πολεμικοὺς
2910 5495 3102 5553 αὐτοὺς
3139 5497 3230 5546 καὶ
3276 5497 3576 5563 τολμηροὺς
3626 5501 3662 5566 6~
3686 5500 3979 5569 Μαχουμετ

2432 5584 2672 5650 ποιῆσαι.
2731 5576 2866 5635 ’Έτί
2906 5586 2932 5636 ὁ
2982 5585 3136 5652 νόμος
3186 5586 3243 5638 ὃν
3290 5585 3651 5642 διακελεύεται
3711 5594 3836 5660 περὶ
3884 5589 3979 5658 τῆς
