4166 6330
236 424 373 489 1105

1417 427 1713 489 CONTRA
1754 412 2263 492 MAHOMETEM.’

3291 423 3459 487 1106-

229 536 259 585 ό
294 534 431 594 θεῖος
461 533 623 586 αὑτοῦ
652 534 995 603 Σαρῥακηνὺς
1025 535 1297 603 ἐσόμενος,
1329 532 1570 593 καὶ-εἷπε
1590 554 1604 567 ·
1636 538 1700 589 Τί
1731 539 1778 590 δὲ

1853 582 1859 599 ι
1887 540 2044 594 sibile
2098 551 2197 594 est'
2227 552 2343 601 esse
2376 538 2644 606 quoddam
2676 534 2818 589 aliud
2844 534 2889 585 ?-
2913 532 3053 599 Nihil
3082 520 3223 584 aliud
3267 527 3425 584 dixit.

230 623 385 674 ἔσται
418 623 540 690 ἐμοὶ
573 625 645 692 μὴ
677 626 832 678 τοῦτο
862 627 1189 695 ποιήσαντι,
1224 627 1306 678 υξὲ
1336 628 1431 679 τοῦ
1464 627 1599 695 ἐμοῦ
1629 628 1783 681 ἀδελ-

226 711 331 774 φοῦ
351 728 367 776 ;
386 704 454 779 Ὦ
474 712 535 782 δὴ
565 716 592 763 ὁ
622 714 865 783 Μωάμεθ
888 716 1214 784 ἀπεκρίνατο
1243 729 1257 746 ⁸
1293 717 1600 769 Ἀποκτενῶ
1630 735 1706 782 σε,
1737 713 1782 770 ῶ

226 801 359 855 θεῖε.
402 802 459 855 Ὀ
499 803 554 855 δὲ
600 801 771 869 εἶπεν,
810 806 1092 859 Ἀδύνατον
1134 804 1276 859 εἷναί
1318 825 1371 859 τι
1414 808 1575 875 duo;
1621 811 1784 863 Οὐδὲν

223 890 413 960 ἕτερον
443 894 566 963 ἔφη.
598 897 721 974 Kal.
739 894 943 974 εἶπεννὸ
974 900 1114 959 θεῖος
1137 940 1151 962 ,
1190 900 1564 969 Ἀκολουθήσω
1595 883 1673 955 σοι
1704 905 1783 965 είς

224 983 363 1051 ὅπερ
395 985 461 1037 ἂν
494 985 689 1055 θέλῃς,
713 971 942 1060 γλώσσῃ
981 982 1171 1058 μόνον,
1207 990 1323 1043 ἀλλ’
1345 992 1403 1043 ού
1441 991 1667 1061 καρδίᾳ,
1703 994 1781 1061 τῷ

222 1072 333 1124 δέει
360 1075 450 1126 τοῦ
481 1074 686 1143 ξίφους.
720 1075 780 1129 '0
806 1078 860 1129 δὲ
894 1079 1066 1148 Ὀμὰρ
1093 1080 1122 1131 ό
1149 1079 1261 1141 υίὸς
1285 1079 1376 1132 τοῦ
1411 1081 1780 1152 Κατεμπααδῆ

226 1162 666 1232 ἀναγκαζόμενος
698 1160 819 1223 ἐῖπε
841 1208 855 1230 ,
892 1168 1061 1237 Κύριε
1082 1211 1096 1233 ,
1132 1169 1194 1222 σὺ
1229 1164 1375 1232 οἶδας
1407 1172 1488 1224 ὅτι
1526 1172 1671 1240 μόνῳ
1703 1173 1781 1241 τῷ

224 1251 324 1304 τοῦ
360 1253 585 1311 θανάτου
621 1254 770 1324 φόϐῳ
804 1256 1027 1325 γίνομαι
1062 1259 1429 1328 Σαρῤακηνός.
1464 1262 1572 1316 Καὶ
1603 1264 1630 1314 ό
1664 1262 1779 1325 υίὸς

224 1342 283 1394 δὲ
312 1342 404 1395 τοῦ
432 1345 777 1413 Ἑμπιασταᾶ
802 1350 878 1418 τῷ
906 1349 1055 1418 φόϐῳ
1082 1349 1178 1401 τοῦ
1206 1351 1391 1417 ξίφους
1418 1352 1607 1419 γέγονε
1639 1354 1777 1423 Σαῤ-

1887 630 1954 683 Et
1980 630 2109 682 dixit
2138 628 2438 682 avunculus
2478 629 2726 694 :chuar
2758 635 2806 679 te
2834 625 2899 679 ad
2931 623 3294 693 quodcunque
3327 637 3425 685 νοτ

1886 719 2073 780 lueris,
2108 720 2288 789 lingua
2315 726 2543 779 tantum,
2581 719 2671 772 sed
2696 734 2804 771 non
2834 716 3017 778 corde,
3050 713 3241 767 timore
3257 712 3425 766 ensis.

1884 809 2258 865 Omarautem.
2303 809 2443 870 illius
2471 808 2784 876 Catempadi
2842 804 3063 861 coactus
3120 804 3427 858 dixit:Do-

1887 903 2054 973 mine,
2080 910 2137 954 tu
2170 903 2275 954 scis
2308 900 2453 968 quod
2486 902 2602 953 solo
2630 900 2825 953 timore
2877 898 3071 951 mortis
3107 896 3178 949 lio
3210 894 3430 947 Sarace-

1884 978 2008 1047 nus.
2042 993 2106 1046 Et
2138 993 2279 1045 ﬁlius
2305 1002 2485 1045 autem
2516 991 2828 1058 Empiascaa
2849 989 3041 1041 timore
3079 987 3225 1040 ensis
3257 984 3431 1037 lactus

1883 1092 1966 1138 est
2000 1082 2325 1137 Saracenus.
2380 1078 2537 1135 Unde
2576 1080 2721 1133 misit
2770 1090 2825 1133 et
2876 1077 3084 1131 litteras
3132 1074 3196 1127 ad
3230 1074 3428 1131 Mesce.
3477 1130 3488 1141 η

1882 1188 2018 1243 quas
2038 1172 2231 1226 mulier
2243 1171 2488 1240 quaadam
2513 1169 2805 1224 occultavit
2821 1168 2922 1222 sub
2947 1165 3191 1220 crinibus
3212 1163 3426 1231 capitis.

1881 1262 2140 1317 nuntians
2171 1262 2256 1316 his
2286 1262 2377 1328 qui
2404 1272 2531 1323 sunt
2562 1262 2616 1313 in
2639 1260 2772 1313 urbe
2797 1260 3087 1313 adventum
3117 1254 3427 1316 Mahomcti,

1879 1360 1939 1407 ut
1966 1356 2220 1404 caverent
2259 1349 2357 1417 ipsi
2392 1350 2500 1400 vim
2524 1346 2783 1403 doctrinae
2816 1347 2979 1400 illius.

225 1434 480 1502 ρακηνός.
499 1430 659 1489 Ὅθεν
682 1438 892 1508 ἔπεμψε
917 1440 1011 1492 καὶ
1035 1441 1330 1511 γράμματα
1357 1442 1434 1505 είς
1489 1442 1587 1512 τὴν
1642 1443 1847 1508 Μεσκὲ,
1879 1441 1915 1496 ἃ
1958 1444 2094 1512 γυνή
2134 1458 2215 1503 τις
2255 1439 2486 1509 ἔκρυψεν
2518 1438 2629 1490 »ὑπὸ
2663 1445 2761 1500 τὰς
2798 1437 2986 1505 τρίχας
3022 1437 3120 1504 τῆς
3162 1426 3428 1503 κεφαλῆς.

226 1524 445 1591 μηνύων
477 1529 587 1588 τοῖς
628 1529 686 1580 ὲν
717 1531 782 1600 τῇ
822 1530 970 1582 πόλει
1004 1532 1103 1600 τὴν
1136 1533 1436 1601 παρουσίαν
1468 1534 1565 1585 τοῦ
1608 1534 1849 1602 Μωάμεθ
1873 1575 1888 1598 ,
1952 1532 2089 1585 ὦατρν
2159 1530 2489 1582 φυλάξασθαι
2559 1529 2752 1590 αὐτοὺς
2782 1528 2877 1597 τὴν
2943 1526 3061 1595 βίαν
3094 1527 3189 1594 τῆς
3221 1525 3423 1576 ἐκείνου

218 1613 591 1681 διδασκαλίας.

310 1707 505 1760 ’ἰστέον
532 1709 587 1762 δὲ
615 1710 875 1791 τέτταρας
908 1705 1051 1764 εἶναι
1081 1714 1277 1782 μοίρας
1307 1714 1413 1766 τῶν
1438 1715 1776 1785 κατεχόντων

1918 1711 2259 1767 .Notandum
2294 1717 2496 1773 autem,
2555 1716 2790 1778 quatuor
2834 1722 2955 1763 esse
3009 1717 3190 1777 partes
3238 1722 3424 1761 eorum

218 1797 325 1865 τὴν
383 1799 587 1867 πλάνην
629 1801 721 1853 τοῦ
766 1805 1006 1872 Μωάμεθ
1035 1820 1049 1836 ·
1086 1805 1273 1874 πρώτη
1326 1807 1487 1874 μοῖρα
1532 1807 1641 1858 τῶν
1687 1807 1777 1859 τὸν

220 1886 674 1959 Σξρῤακηνισμὸν
732 1893 1066 1946 ὑπελθόντων
1119 1895 1210 1958 διὰ
1257 1894 1353 1947 τοῦ
1422 1895 1640 1964 ξίφους,
1703 1896 1778 1959 ὡς

220 1977 472 2046 είρηταιο
514 1978 563 2031 οἳ
599 1981 692 2032 καὶ
721 1979 821 2032 νῦν
865 1982 961 2052 τὴν
1001 1984 1207 2037 ἑαυτῶν
1239 1985 1598 2053 γινώσκοντες
1640 1984 1782 2037 πλάο

219 2084 341 2133 νην,
368 2069 711 2138 ἐξωμόσαντο
743 2074 808 2125 ἂν
846 2074 1025 2140 αὐτὸν,
1056 2076 1103 2127 εἰ
1130 2075 1203 2144 μὴ
1232 2076 1290 2129 τὸ
1322 2075 1474 2142 ξίφος
1517 2075 1774 2129 ὲδειλίων.

223 2154 398 2226 Ἀλλη
434 2160 598 2227 μοῖρά
642 2160 761 2212 ἐστι
809 2161 915 2213 τῶν
968 2161 1074 2219 ὑπὸ
1121 2161 1215 2213 τοῦ
1263 2161 1514 2215 διαϐόλου
1561 2164 1777 2233 ἠπατηέ

224 2245 425 2312 μένων,
452 2251 817 2301 πιστευόντων
863 2249 1037 2319 άληθῆ
1087 2248 1227 2302 εἶναι
1268 2250 1572 2321 τὰίψευδῆ.
1605 2254 1774 2324 Τρίτη

224 2339 392 2405 μοῖρα.
436 2337 545 2388 τῶν
589 2338 662 2407 μὴ
711 2338 1050 2409 βουλομένων
1094 2334 1394 2408 ἀποστῆναι
1440 2342 1539 2412 τῆς
1570 2343 1777 2413 πλάνης

204 2417 331 2488 ,τῶν
379 2427 656 2494 προγόνων
706 2429 909 2491 αὐτῶν,
964 2430 1102 2483 ’ἀλλὰ
1156 2432 1419 2500 λεγόντων
1469 2437 1687 2503 κρατεῖν
1740 2435 1777 2489 ἃ

220 2514 475 2602 κατεῖχον
518 2515 611 2567 καὶ
659 2515 709 2567 ol
762 2517 995 2585 πατέρες
1046 2517 1266 2569 αὐτῶν·
1325 2513 1400 2572 ὧν
1452 2520 1775 2589 ἀφίστανται

223 2603 449 2670 μᾶλλον,
482 2604 532 2657 οἳ
579 2607 701 2659 ἀντὶ
751 2607 850 2675 τῆς
908 2606 1369 2679 είδωλολατρείας,
1511 2612 1774 2681 πρότερον

220 2693 556 2762 κατείχοντο,
589 2697 689 2765 τὴν
720 2696 815 2750 τοῦ
860 2698 1103 2768 Μωάμεθ
1138 2700 1373 2769 αἵρεσιν,
1402 2701 1478 2765 ὥς
1520 2702 1584 2754 ἂν
1613 2699 1776 2775 ἦττον

226 2786 485 2855 πονηρὰν,
514 2788 900 2857 ἀναμφιόό).ως
942 2792 1269 2860 προείλοντο.
1300 2792 1573 2861 Τέταρτον
1613 2794 1775 2865 μέρος

222 2878 341 2927 ἐστὶ
367 2878 476 2930 τῶν
503 2880 680 2940 διὰ,τδ
710 2882 896 2935 ἄνετον
921 2886 1017 2951 τῆς
1049 2882 1188 2943 όδοῦ.
1224 2884 1315 2936 καὶ
1347 2882 1407 2935 τὸ
1438 2884 1546 2937 τῶν
1583 2901 1774 2952 γυναι-

222 2967 335 3020 κῶν
365 2970 587 3038 πλῆθος,
624 2972 719 3024 καὶ
769 2974 835 3025 τὰ
882 2970 1024 3026 ἄλλα
1059 2975 1332 3043 ἐνδόσιμα,
1365 2974 1563 3042 μᾶλλον
1588 2973 1692 3044 ’τὴν
1719 2978 1775 3028 ἐν

1884 1803 1975 1871 qui
2016 1803 2249 1857 retinent
2299 1813 2543 1853 errorem
2599 1796 2913 1851 Mahometi.
2975 1798 3176 1860 Prima,
3235 1812 3425 1852 eorum

1884 1893 1972 1961 qui
2003 1891 2226 1961 ingressi
2268 1897 2395 1945 sunt
2428 1888 2857 1963 Saracenismum
2888 1904 2983 1957 per
3006 1891 3214 1951 ensem,
3243 1898 3301 1941 nt
3342 1890 3433 1943 di-

1882 1991 2031 2038 ctum
2055 1992 2135 2038 est
2159 2002 2173 2047 ;
2199 1983 2291 2052 qui
2312 1983 2473 2037 etiam
2506 1996 2651 2034 nunc
2677 1995 2866 2034 eorum
2899 1982 3140 2050 ipsorum
3184 1996 3425 2034 errorem

1883 2081 2295 2143 cognoscentes,
2322 2071 2707 2140 resipiscerent
2730 2072 2940 2140 utique,
2979 2071 3083 2124 nisi
3116 2086 3239 2137 eum
3267 2086 3431 2139 prop-

1883 2171 1967 2217 ter
2000 2178 2187 2216 ensem
2222 2163 2497 2215 timerent.
2530 2161 2653 2217 Alia
2692 2159 2955 2230 particula
2994 2176 3185 2215 eorum
3207 2171 3310 2225 est,
3337 2164 3426 2229 qui

1883 2248 2093 2318 decepti
2112 2258 2299 2303 .sunta
2333 2249 2573 2311 diabolo,
2610 2236 2893 2304 credentes
2942 2265 3066 2301 vera
3130 2265 3247 2303 esse
3279 2267 3431 2305 men-

1883 2338 2055 2394 dacia.
2092 2338 2275 2394 Tertia
2300 2339 2563 2409 particula
2587 2347 2669 2394 est
2699 2353 2886 2392 eorum
2913 2331 3004 2407 qui
3036 2340 3226 2392 nolunt
3253 2341 3432 2395 disce-

1883 2430 2011 2484 dere
2031 2429 2099 2483 ab
2124 2444 2312 2484 errore
2347 2431 2611 2499 maiorum
2641 2445 2887 2493 suorum,
2924 2432 3018 2484 sed
3045 2430 3257 2491 dicunt,
3289 2432 3428 2486 deti-

1883 2536 2012 2575 nere
2046 2536 2103 2575 se
2139 2536 2199 2575 ea
2232 2536 2349 2589 qure
2377 2535 2564 2574 eorum
2597 2530 2775 2587 patres
2817 2521 3149 2583 detinebant,
3174 2537 3201 2573 a
3230 2521 3428 2590 quibus

1881 2611 2116 2664 maxime
2138 2611 2463 2666 discedunt:
2497 2611 2588 2678 qui
2620 2626 2717 2680 pro
2741 2609 3063 2676 idololatria,
3093 2626 3251 2679 quam
3280 2611 3428 2680 prius

1881 2702 2218 2764 detinebant,
2251 2703 2546 2757 Mahometi
2579 2710 2782 2757 sectam
2813 2711 3069 2771 tanquam
3103 2703 3283 2755 minus
3315 2718 3428 2755 ma-

1884 2795 1988 2846 lam
2015 2793 2132 2847 sine
2177 2793 2347 2847 dubio
2382 2783 2681 2861 elegerunt.
2739 2792 2939 2858 Quarta
2965 2808 3091 2862 pars
3118 2808 3307 2846 eorum
3334 2795 3427 2860 qui

1882 2890 2101 2951 prepter
2130 2884 2506 2938 remissionem
2545 2884 2688 2946 vitae,
2728 2892 2782 2936 et
2814 2883 3097 2935 mulierum
3126 2883 3429 2945 multitudi-

1883 2973 2223 3033 nem,et'alia
2251 2973 2618 3035 remissibilia,
2646 2972 2825 3040 potius
2849 2971 2902 3024 in
2925 2971 3430 3025 hisimmuuditiam‘

222 3059 435 3121 τούτοις
474 3063 812 3132 ἀκαθαρσίαν
860 3067 957 3133 τῆς
1009 3066 1313 3133 ὰῖδιότητος
1349 3065 1442 3118 τοῦ
1494 3064 1773 3133 μέλλοντος

1877 3078 2037 3130 quam
2057 3064 2409 3117 aeternitatem
2439 3062 2605 3115 futuri
2632 3062 2810 3115 saeculi
2852 3071 3190 3121 amaverunt.
3223 3072 3278 3117 et
3300 3079 3421 3116 cum

223 3150 419 3214 αἰῶνος
457 3154 770 3224 ἠγάπησαν.
816 3156 923 3207 Καὶ
976 3157 1183 3219 τούτοις
1229 3158 1336 3208 είσὶ
1390 3157 1698 3225 σύμφρονες
1728 3160 1777 3227 oi

220 3244 375 3314 παρὰ
417 3247 529 3307 τοῖς
577 3230 947 3316 Σαρρακηνοῖς
999 3249 1293 3316 σοφώτεροι
1336 3247 1638 3315 λεγόμενοι,
1687 3252 1778 3301 καὶ

219 3336 567 3405 γραμμάτων
609 3339 971 3405 ἐπιστήμονες
1003 3338 1174 3399 ὄντες.
1212 3339 1285 3390 Οὐ
1322 3338 1427 3405 γὰρ
1461 3339 1775 3391 πιστεύουσι

216 3420 312 3475 τὸν
341 3424 503 3491 νόμον
535 3424 758 3475 ἐκείνων
795 3421 970 3491 ἁληθῆ
1004 3417 1158 3483 εἶναι,
1207 3421 1238 3490 ἢ
1290 3424 1495 3489 ἀγαθὸν
1547 3423 1770 3493 άπλῶςο

217 3511 335 3564 ἀλλ’
364 3513 399 3581 ἡ
432 3515 719 3585 σφοδρότης
750 3514 856 3566 τῶν
879 3514 1080 3583 ἡδονῶν
1114 3513 1422 3566 καταπαύει
1453 3513 1550 3583 τὴν
1593 3515 1775 3583 κρίσιν

215 3602 314 3654 τοῦ
344 3602 526 3669 λόγου,
553 3603 628 3666 ὥς
672 3621 839 3674 φησιν
888 3606 915 3657 ὁ
969 3606 1162 3671 σοφός·
1212 3604 1399 3668 ὥσπερ
1452 3605 1544 3656 καὶ⁵
1591 3604 1778 3658 πολλοὶ

198 3694 562 3764 λγραμμάτων
611 3696 865 3764 ἔμπειροι
922 3696 1075 3763 παρὰ
1134 3696 1245 3757 τοῖς
1310 3696 1653 3765 Χριστιανοῐς
1713 3696 1773 3747 ού

222 3786 553 3855 φυλάττουσι
602 3786 692 3839 τὸν
713 3787 807 3839 τοῦ
861 3785 1195 3853 Εὐαγγελίου
1247 3786 1429 3853 νόμον,
1457 3786 1634 3838 καίτοι
1679 3803 1774 3839 πι-

218 3877 504 3938 στεύοντες
550 3875 723 3945 ἀληθῆ
765 3870 906 3927 εῐναι
952 3876 1045 3927 val
1087 3874 1289 3941 ἀγαθόν
1311 3889 1326 3905 ⁸
1360 3874 1559 3943 μᾶλλον
1587 3876 1643 3927 δὲ
1674 3878 1772 3948 τὴν

1883 3153 1967 3206 his
2000 3154 2301 3207 concordes
2330 3163 2477 3217 sunt,
2506 3154 2595 3223 qui
2624 3154 2768 3222 apud
2821 3169 2913 3208 eos
2939 3154 3298 3223 sapientiores
3322 3171 3422 3228 ap-

1880 3244 2167 3312 pellantur.
2194 3244 2260 3297 Et
2290 3243 2381 3311 qui
2414 3244 2723 3295 litterarum
2764 3246 3009 3310 peritiam
3036 3245 3261 3311 habent,
3312 3262 3422 3301 non

1878 3334 2107 3387 credunt
2136 3334 2307 3402 legem
2333 3334 2543 3387 illorum
2571 3350 2691 3387 esse
2720 3349 2924 3397 veram,
2953 3336 3038 3388 vel
3074 3337 3266 3389 bonam
3293 3340 3423 3390 sim-

1877 3425 2087 3492 pliciter
2119 3442 2134 3475 :
2166 3424 2264 3478 sed
2294 3424 2633 3477 vehementia
2674 3425 3013 3491 voluptatum
3063 3425 3233 3478 sedat
3274 3427 3423 3495 judi,

1876 3515 2019 3567 cium
2044 3515 2287 3580 rationis,
2324 3522 2485 3583 prout
2514 3513 2647 3567 dicit
2686 3514 2924 3582 sapiens.
2983 3514 3138 3569 Sicut
3162 3526 3219 3571 et
3263 3517 3417 3572 multi

1874 3604 2177 3659 litterarum
2221 3607 2428 3674 experti
2479 3605 2619 3673 apud
2651 3604 2990 3661 Christianos
3050 3622 3154 3661 non
3200 3617 3420 3665 servant

1876 3694 2152 3763 Evangelii
2169 3696 2362 3763 legem,
2401 3694 2502 3747 etsi
2527 3694 2747 3748 credant
2770 3696 2950 3748 veram
2972 3710 3093 3748 esse
3114 3705 3169 3749 et
3199 3698 3415 3762 bonam,

1875 3787 2055 3855 potius
2089 3781 2369 3839 imitantur
2392 3784 2535 3854 viam
2566 3785 2816 3839 Alcora’ni
2842 3823 2858 3847 ,
2918 3787 3164 3854 quamvis
3196 3789 3417 3843 credant

1875 3868 2191 3924 in'veritate
2220 3872 2371 3938 illum
2398 3885 2633 3924 errasse.
2693 3871 2759 3924 Et
2784 3872 2947 3941 hujus
3005 3874 3082 3927 rei
3115 3875 3326 3944 signum
3360 3878 3413 3932 in

214 3964 336 4017 ὁδὸν
370 3963 664 4033 μιμοῦνται
698 3955 791 4031 τοῦ
834 3961 1176 4027 Ἀλκοράνου,
1207 3962 1387 4015 καίτοι
1425 3966 1769 4028 πιστεύοντες

215 4057 306 4109 ἐπ’
352 4055 609 4125 ἀληθείας
660 4056 867 4107 ἐκεῖνον
924 4046 1253 4112 πεπλάσθαι.
1297 4055 1406 4106 Καὶ
1453 4053 1646 4106 τούτου
1678 4073 1773 4125 ση-

1853 3962 2118 4031 ,υιι-ἰείιυε
2143 3970 2243 4015 est.
2273 3961 2726 4015 Transmutantur
2755 3964 2895 4016 enim
2918 3963 3135 4032 quidam
3161 3964 3416 4022 Saraceni

1876 4050 1930 4103 in
1946 4048 2303 4112 Christianos,
2324 4049 2693 4131 etChristiani
2726 4051 2943 4118 quidam
2978 4054 3112 4106 liunt
3134 4038 3412 4111 Saraceni;

218 4150 374 4219 μεῖον
430 4152 489 4202 ὲν
543 4149 913 4218 ἀμφοτέροις·
969 4147 1408 4224 μετατιθεμένων
1452 4147 1559 4215 γάρ
1611 4162 1771 4198 τινων

1872 4140 2215 4195 Christianus
2266 4139 2486 4208 quidem
2516 4156 2798 4210 nunquam
2836 4142 2891 4195 in
2918 4152 3099 4207 ,ωσι-ιε
3132 4144 3286 4214 ﬁeret
3314 4146 3413 4201 Sa-

216 4240 587 4313 Σαρῥακηνῶν
633 4242 715 4302 είς
764 4240 1145 4308 Χριστιανοὺς.
1177 4239 1272 4289 καὶ
1310 4235 1651 4305 Χριστιανῶν
1685 4253 1770 4287 τι-

1873 4244 2121 4289 raeenus,
2155 4228 2248 4281 sed
2284 4229 2335 4279 iu
2393 4228 2535 4290 vita;
2586 4227 2893 4287 Saracenus
2938 4242 3119 4284 autem
3152 4232 3205 4285 in
3242 4243 3415 4288 morte

214 4309 345 4387 νων
374 4332 671 4401 γινομένων
726 4327 1131 4400 Σαῤῥακηνῶν,
1200 4327 1229 4377 ὁ
1292 4327 1391 4395 μὲν
1444 4324 1769 4395 Χριστιανὸς

1873 4318 2051 4386 petius
2112 4316 2170 4371 lit
2219 4317 2582 4382 Christianus,
2648 4332 2809 4385 quam
2858 4320 3097 4373 invita.
3176 4309 3412 4391 Uterque

211 4394 458 4477 οὐδέποτ’
497 4394 579 4472 ’ἂν
621 4419 681 4470 ἐν
734 4394 817 4485 τῷ.
844 4394 1077 4484 ’θανάτῳ
1133 4394 1341 4480 γένοιτο
1393 4394 1760 4481 Σαρῥακηνὸς,

1872 4408 2038 4477 igitur
2083 4409 2277 4462 horum
2326 4408 2505 4477 potius
2534 4408 2691 4477 eligit
2715 4410 3053 4466 Christianus
3082 4415 3217 4468 mori
3255 4430 3415 4484 quam

210 4512 332 4565 ἀλλ’
368 4513 426 4565 ὲν
454 4511 519 4579 τῇ
564 4508 710 4578 ζωῇο
742 4509 770 4558 ό
808 4507 864 4560 δὲ
910 4502 1266 4575 ωρῤακηώς
1315 4505 1371 4555 ἐν
1422 4504 1499 4574 τῷ
1552 4502 1765 4571 θανάτῳ

1872 4498 2194 4563 Saraccnus,
2245 4498 2347 4553 nisi
2399 4498 2581 4569 aliquo
2614 4500 2789 4561 ιιιοάο
2814 4504 3066 4569 praedicta
3111 4504 3162 4557 vi
3206 4507 3420 4562 abstra-

215 4603 421 4675 μᾶλλον
449 4601 656 4669 γίνεται
688 4597 1009 4669 Χριστιανὸς
1041 4597 1074 4665 ἢ
1104 4597 1163 4647 ὲν
1204 4598 1269 4663 τῇ
1302 4594 1433 4663 ζωῇ.
1472 4594 1762 4661 Ἐκάτερος
1868 4590 2049 4644 batur.
3236 4654 3239 4657 _

207 4697 320 4766 ἄρα
380 4680 706 4763 Χριστιανὸς
778 4693 1010 4760 αἱρεῖται
1086 4687 1287 4758 μᾶλλον
1344 4686 1635 4739 ἀποθανεῖν
1719 4684 1757 4753 ἢ
1789 4682 2175 4752 Σαρρακηνός·
2231 4683 2278 4734 εἰ
2329 4682 2401 4749 μή
2448 4698 2550 4733 που
2589 4685 2653 4752 τῇ
2696 4685 3063 4755 προειρημένῃ
3094 4686 3204 4759 ’βίᾳ
3259 4688 3419 4756 ἀφέλ..

207 4802 379 4840 κοιτο.

276 4878 418 4947 Τρία
464 4876 522 4928 δέ
553 4877 657 4928 εἰσι
710 4871 1065 4942 φανερώτατα
1100 4870 1197 4939 τῆς
1228 4869 1347 4939 βίας
1376 4869 1470 4922 τοῦ
1502 4886 1764 4939 προειρη-

209 4973 373 5045 μένου
427 4968 590 5037 νόμου
615 4962 873 5019 ἄνευτοῦ
925 4960 1345 5031 προρῥηθέντος,
1390 4960 1526 5029 ὅπερ
1573 4956 1642 5029 ἦν
1678 4977 1765 5012 το-

207 5060 476 5119 σαυτάκις
538 5056 716 5123 λέγειν
773 5052 869 5108 καὶ
924 5051 1286 5119 προστάσσειν
1347 5049 1759 5103 ἀποκτιννύναι.

203 5153 431 5223 Πρῶτόν
464 5149 582 5200 ἐστι
614 5145 675 5198 τὸ
727 5144 817 5195 τὸν
847 5142 1159 5224 Μαχούμετι
1182 5141 1411 5203 ἐκείνοις
1462 5141 1637 5192 εἰπεῖν
1667 5141 1783 5192 ἐπὶ»

204 5244 462 5297 τοσοῦτον
524 5238 796 5304 διαμενεῖν
847 5235 939 5287 τὸν
988 5237 1151 5302 νόμον
1198 5233 1382 5297 αὐτοῦ,
1414 5232 1500 5298 ἐφ’
1546 5231 1761 5284 ὅσον-ἂν

206 5337 393 5398 αὐτοῖς
425 5324 676 5401 διαμείνῃ
724 5328 817 5378 καὶ
854 5327 885 5394 ἡ
918 5326 977 5376 ἐν
1007 5328 1118 5385 τοῖς
1158 5323 1343 5386 ὅπλοις
1380 5325 1566 5391 ίσχὺς,
1606 5322 1757 5390 καὶὴ

205 5426 543 5495 πρόσκαιρος
578 5416 885 5505 δυναστεία.
947 5413 1086 5467 Ἀλλ’
1130 5414 1599 5479 ὁμολογουμένως.
1657 5431 1757 5464 κα-

204 5517 316 5580 θὼς
342 5530 506 5583 φησιν
556 5513 584 5564 ό
631 5502 1031 5581 Χρυσόστομος,
1065 5503 1283 5572 τοιαύτη
1311 5503 1392 5565 τίς
1420 5503 1565 5554 ἐστιν
1599 5502 1631 5571 ἡ
1661 5502 1757 5565 τῆς

202 5605 463 5677 ἀληθείας
515 5601 694 5668 φύσις,
743 5600 880 5651 ὥστε
919 5597 1013 5647 καὶ
1058 5595 1207 5664 παρὰ
1242 5592 1450 5677 πολλῶν
1489 5592 1755 5659 πολεμου-

207 5674 344 5767 μένη
393 5693 593 5763 μᾶλλον
648 5680 885 5759 ἰσχύεινῖ
942 5685 1130 5752 ὥσπερ
1181 5682 1276 5735 καὶ
1332 5674 1641 5733 τοὺἲναντίον
1695 5681 1755 5733 τὸ

205 5785 398 5857 ψεῦδος
454 5783 559 5836 ὑπὸ
606 5780 815 5833 πολλῶν
868 5776 1248 5852 βοηθούμενον,
1280 5775 1336 5825 ἐν
1388 5771 1562 5839 ἐαυτῷ
1593 5771 1752 5823 ἀσθε-

1932 4866 2058 4922 Tria
2089 4876 2216 4922 sunt
2258 4868 2697 4923 manifestissima
2732 4868 2883 4937 signa
2919 4868 3185 4924 violentiae
3224 4875 3414 4941 prfcdl-

1858 4969 1958 5012 σιω
2000 4959 2156 5027 legis,
2189 4960 2389 5027 absque
2418 4958 2503 5012 his
2544 4975 2664 5028 qua:
2703 4960 2864 5014 toties
2894 4969 3023 5016 ante
3063 4962 3207 5017 dicta
3247 4975 3374 5020 sunt
3398 4960 3445 5021 ε’

1858 5049 2002 5117 quod
2030 5050 2246 5117 quidem
2278 5050 2399 5114 fuit,
2425 5051 2569 5117 quod
2603 5052 2762 5105 toties
2788 5052 2921 5106 dicit
2947 5064 3001 5107 et
3031 5057 3249 5109 mandat
3281 5050 3418 5112 inte-

1857 5140 2352 5194 rimere.‘Primum
2389 5142 2603 5209 signum
2634 5152 2738 5206 est,
2767 5142 2910 5209 quod
2945 5144 3285 5201 Mahometus
3310 5147 3414 5202 illis

1830 5294 1837 5303 ι
1868 5230 2023 5293 dixit,
2046 5232 2099 5284 in
2133 5240 2338 5285 tantum
2364 5245 2683 5299 permanere
2708 5231 2880 5301 legem
2910 5233 3045 5302 ejus,
3074 5236 3127 5286 in
3152 5246 3412 5302 quantum

1842 5312 1945 5396 ’θέε
1966 5326 2280 5391 permaneat
2306 5333 2361 5377 et
2389 5324 2442 5377 in
2480 5324 2646 5374 armis
2672 5323 2771 5382 vis.
2805 5333 2859 5378 et
2887 5324 3195 5390 temporalis
3227 5340 3417 5395 poten-

1859 5414 1954 5467 tia.
1982 5414 2086 5469 Sed
2116 5417 2257 5470 sicut
2285 5414 2417 5468 dicit
2446 5414 2883 5483 Chrysostomus,
2908 5414 3035 5468 talis
3051 5422 3135 5470 est
3168 5418 3410 5471 veritatis

1859 5516 2073 5571 natura,
2114 5516 2173 5559 ut
2221 5514 2430 5559 etcum
2480 5520 2508 5557 a
2558 5505 2744 5559 multis
2794 5515 3155 5575 oppugnatur,
3216 5506 3412 5560 fortius

1858 5581 2272 5659 invalescatret
2292 5610 2323 5648 e
2345 5577 2609 5649 converso
2633 5596 2995 5660 mendacium,
3021 5609 3142 5649 cum
3172 5610 3200 5647 a
3230 5597 3413 5653 multis

1856 5687 2163 5753 adjuvatur,
2196 5686 2249 5737 in
2287 5686 2463 5755 seipse
2495 5685 2831 5739 debilitatur.
2864 5684 3073 5739 Veritas
3107 5684 3270 5753 igitur
3304 5702 3408 5739 non

1858 5775 2064 5845 indiget
2104 5778 2306 5832 auxilio
2353 5793 2415 5831 ex
2455 5778 2738 5849 temporali
2789 5788 3050 5845 potentia,
3097 5787 3151 5831 et
3182 5778 3414 5833 maxime
