4166 6330
770 362 904 425 1115

2005 365 2371 425 DEMETRII
2414 368 2715 427 CYDONH

3841 367 3982 430 1116

760 471 1027 539 pejorare,
1060 480 1112 523 et
1168 487 1276 526 non
1323 487 1543 527 servare
1594 472 1750 527 ﬁdem
1786 472 1839 526 in
1888 475 2187 542 promissis.
2222 476 2327 527 lni-
2352 474 2397 530 Α

2432 476 2768 544 Μαρίαςητῆς
2796 475 3209 545 Ἰακωὸιτίσσης
3234 479 3523 545 ἐπιορκεῖν,
3551 481 3645 531 καὶ
3678 476 3751 543 μὴ
3780 477 3987 542 φυλάτ-

766 575 872 625 qua
921 560 1085 629 igitur
1121 561 1203 613 lex
1258 561 1391 624 ha'c,
1435 577 1555 630 qua:
1601 563 1775 631 placet
1813 565 2032 630 quidem
2080 566 2317 625 diabolo,

758 658 817 701 et
854 665 973 716 qua:
1025 652 1091 703 ad
1129 652 1300 705 multa
1346 654 1482 705 mala
1518 669 1616 707 nos
1660 654 1888 707 inducit.
1937 656 2051 708 Non
2099 657 2262 724 igitur
2290 673 2318 709 a

763 740 874 791 Deo
903 750 1004 804 est,
1042 743 1133 809 qui
1173 758 1381 796 summe
1410 743 1603 807 bonus,
1632 754 1689 798 et
1719 760 1748 798 a
1779 761 1886 814 quo
1917 746 2114 800 bonum
2146 748 2318 800 solum

764 829 1027 895 procedit.
1072 831 1269 883 malum
1298 842 1479 885 autem
1516 834 1674 887 nihil.

774 1067 911 1121 XIII.
965 1067 1036 1118 De
1076 1068 1328 1143 Alrorqni
1354 1071 1698 1143 institutione,
1752 1079 1799 1123 ct
1842 1074 1954 1140 quis
1990 1071 2147 1141 fuerit
2182 1074 2320 1143 legis

1187 1140 1339 1205 ’mjus
1368 1141 1541 1207 opifex
1569 1149 1615 1193 et
1648 1142 1881 1193 inventor

834 1293 1097 1357 Quoiuiam
1156 1293 1318 1359 igitur
1361 1293 1793 1346 demonstratum
1844 1304 1947 1353 est.
1980 1296 2123 1363 quod
2161 1296 2320 1350 Alco-

768 1399 984 1446 ramum,
1020 1383 1415 1436 Saracenorum
1455 1383 1706 1437 videlicet
1742 1386 1848 1446 va,
1882 1401 1985 1438 nou
2019 1398 2102 1439 est
2130 1404 2157 1439 a
2189 1388 2319 1451 Deo,

771 1476 1039 1542 sequiuir,
1093 1478 1338 1542 συσπ-(ιω
1388 1474 1455 1527 de
1504 1474 1788 1542 discipulis
1822 1476 2218 1541 Mahometipet
2255 1478 2321 1531 de

764 1566 1157 1618 constitutione
1182 1564 1419 1629 praedicti
1442 1564 1710 1618 Alcoraui.
1730 1565 1957 1634 Oportet
1978 1568 2143 1634 igitur
2160 1568 2319 1631 seire,

768 1656 911 1725 quod
945 1656 1253 1709 ﬁrmissime
1293 1657 1533 1711 creditur
1562 1673 1590 1711 a
1624 1659 1959 1725 sapientibus
2000 1661 2235 1721 illorum,
2268 1669 2322 1713 et

768 1746 1078 1799 elﬁcacibus
1122 1746 1425 1799 rationibus
1454 1748 1780 1806 ostenditur.
1813 1750 2044 1815 primum
2069 1748 2318 1802 Alcorani

768 1830 1045 1890 auctorem
1082 1853 1187 1890 non
1218 1838 1497 1892 hominem
1535 1837 1719 1899 fuisse,
1758 1839 1848 1892 sed
1877 1839 2183 1893 diabolum:
2231 1841 2320 1908 qui

771 1930 987 1997 prOpria
1014 1930 1215 1984 invidia
1242 1940 1297 1984 et
1326 1931 1510 1984 divina
1538 1932 1916 1998 permissione,
1943 1944 2160 1999 propter
2194 1948 2323 2001 pec-

771 2031 887 2073 cata
926 2023 1130 2089 pOpuli,
1167 2014 1448 2097 pmvaluit
1485 2024 1741 2077 inchoare
1785 2024 2101 2077 sulemniter
2130 2032 2184 2076 et
2214 2024 2325 2077 eﬁi-

774 2111 977 2163 raciter
1011 2113 1289 2179 perlidiam
1322 2114 1663 2167 Antichristi.
1699 2113 1900 2167 Videns
1951 2113 2113 2181 igitur
2139 2114 2328 2166 diabo-

773 2199 860 2252 lus
888 2199 1046 2253 [idem
1086 2201 1289 2255 Christi
1322 2201 1374 2255 in
1407 2202 1781 2256 Orientalibus
1812 2202 2057 2270 partibus
2095 2204 2325 2256 maxime

776 2304 1042 2350 crescere.
1098 2291 1545 2345 etidololatriam
1602 2292 1860 2355 deﬁcere,
1916 2302 2171 2360 superato
2220 2308 2326 2360 1am

775 2379 1015 2434 Cbosroe
1055 2382 1338 2435 Persarum
1367 2398 1489 2451 rege
1506 2393 1562 2435 et
1592 2382 1869 2435 Medorum
1906 2382 2209 2442 idololatra,
2235 2397 2329 2449 per

773 2472 1305 2528 Christianissimum
1343 2476 1649 2529 Heraclium
1683 2478 2084 2543 imperatorem,
2122 2477 2215 2541 qui
2239 2491 2331 2528 ex-

777 2563 977 2618 celsam
1009 2564 1200 2618 turrim
1233 2565 1423 2629 diruit,
1468 2570 1628 2635 quani
1658 2568 1771 2635 ipse
1803 2567 2071 2621 Clmsroes
2096 2570 2329 2621 aediﬁca-

775 2661 928 2705 verat
956 2668 1020 2705 ex
1055 2668 1190 2707 auro
1256 2663 1312 2707 et
1369 2665 1595 2724 argento
1630 2665 1685 2708 et
1737 2656 2007 2724 lapidibus
2055 2656 2329 2723 pretiosis,

777 2753 1001 2808 promer
1030 2741 1389 2795 idololatrian)
1412 2761 1425 2807 ;
1448 2752 1502 2797 et
1527 2743 1670 2811 quod
1698 2761 1826 2797 crux
1854 2745 2053 2799 Christi
2078 2746 2188 2812 jam
2216 2754 2329 2798 tum

777 2839 894 2883 erat
923 2846 1020 2899 per
1052 2831 1357 2885 lleraclium
1393 2834 1647 2897 exaltata;
1680 2843 1735 2887 et
1757 2835 1988 2901 amplius
2013 2836 2326 2898 exaltanda;

776 2929 833 2975 et
859 2935 982 2977 cum
1019 2937 1126 2974 non
1159 2932 1341 2989 posset
1377 2922 1627 2978 diabolus
1660 2926 1893 2995 amplius
1928 2928 2327 2981 multitudinem

779 3009 1006 3062 deorum
1048 3011 1360 3073 defendere,
1411 3029 1513 3067 nec
1564 3016 1786 3067 omnino
1831 3015 1996 3084 Moysi
2046 3018 2219 3085 legem
2276 3024 2331 3069 et

2421 582 2530 618 τειν
2566 568 2745 618 πίστιν
2778 569 2834 618 ἐν
2865 570 2973 629 τοίς
2997 568 3415 636 ὕπεσχημένοις.
3445 568 3679 636 Πονηρὸς
3701 568 3807 635 ἄρα
3829 568 3982 619 ἐστὶν

2420 650 2571 719 οὗτος
2599 659 2627 709 ὁ
2648 658 2829 725 νόμος,
2863 659 3113 727 ἀρέσκων
3144 660 3243 725 μὲν
3270 660 3346 727 τῷ
3370 642 3620 726 διαϐόλῳ,
3652 659 3983 726 προτρέπων

2419 749 2473 800 δὲ
2506 750 2584 809 εἰς
2635 750 2702 801 τὰ
2733 751 2959 819 πονηρά.
2993 752 3104 802 Οὑκ
3156 752 3261 817 ἆρα
3312 752 3463 815 παρὰ
3512 750 3645 802 θεοῦ
3698 753 3867 810 ἐστιν,
3922 750 3982 808 ὃς

2420 840 2604 907 ἄκρως
2633 841 2780 890 ἔστιν
2806 841 3023 904 ἀγαθὸς,
3054 841 3145 891 καὶ
3164 841 3291 909 παρ’
3316 833 3375 891 οὗ
3393 841 3594 906 ἀγαθὸν
3616 842 3774 908 μόνον
3795 840 3985 907 7:965:-

2422 945 2496 993 σι,
2523 930 2687 981 κακὸν
2716 930 2770 981 δὲ
2804 930 2976 984 οὐδέν.

2421 1061 2519 1114 Il".
2560 1062 2697 1126 Περὶ
2740 1060 2849 1125 τῆς
2905 1063 3010 1115 τοῦ
3053 1064 3414 1128 ’Λλκρράιοου
3455 1062 3827 1130 συγτῬαρῆς.
3878 1062 3979 1113 2m!

2488 1132 2578 1193 τίς
2606 1133 2733 1184 ἐστι
2758 1132 2862 1184 τοῦ
2902 1135 3087 1201 νόμου
3118 1137 3330 1185 τούτου
3369 1134 3726 1201 δημιουργὸς
3756 1132 3853 1184 καὶ
3882 1134 3983 1185 εὐ·

2482 1201 2685 1265 panic.

2501 1313 2652 1365 Ἐπεὶ
2704 1315 2877 1366 τοίνυν
2907 1314 3191 1375 δέδεικται,
3230 1316 3311 1366 ὅτι
3341 1316 3400 1367 τὸ
3428 1314 3769 1383 “Λ“›.κοράνον,
3803 1315 3831 1364 ὁ
3869 1313 3980 1364 τῶν

2420 1404 2783 1471 Σσρῤακηνῶν
2836 1405 3075 1473 δηλονότι
3133 1408 3318 1472 νᾶμος.
3347 1406 3444 1456 οὒκ
3476 1406 3587 1456 ἔστι
3631 1405 3781 1470 παρὰ
3820 1402 3977 1466 Θεοῦ,

2421 1491 2611 1553 ἕπεται
2654 1491 2881 1558 ζητῆσαι
2922 1495 3049 1557 περὶ
3086 1494 3193 1545 τῶν
3244 1493 3332 1545 τοῦ
3388 1492 3634 1559 Μωαμεθ
3693 1492 3975 1560 μαθητῶν,

2421 1582 2515 1632 καὶ
2568 1582 2663 1646 τῆς
2699 1581 3008 1642 συστάσεως
3050 1582 3141 1633 τοῦ
3180 1585 3575 1651 προειρημένου
3620 1582 3973 1647 Ἀ).κοράνου.

2422 1673 2512 1722 Δεῖ
2552 1671 2726 1723 τοίνυν
2778 1670 3088 1738 γινώσκειν,
3151 1674 3230 1726 ὅτι
3292 1674 3612 1742 βεϐαιότατα
3663 1675 3978 1725 πιστεύεται

2430 1763 2534 1815 ὑπὸ
2564 1765 2671 1814 τῶν
2700 1763 2829 1830 παρ’
2854 1764 3079 1825 ἐκείνοις
3112 1764 3311 1829 σοφῶν,
3358 1767 3449 1817 καὶ
3490 1767 3727 1832 ίσχυρ-,ἴς
3758 1763 3979 1814 ἀποδεί-

2429 1871 2615 1905 κνυται
2670 1854 2849 1918 λόγοις
2897 1853 2987 1904 τὸν
3013 1854 3227 1921 πρῶτον
3269 1854 3360 1905 τοῦ
3393 1854 3718 1921 ’Δλκορανου
3753 1851 3982 1921 ποιητὴν

2425 1943 2521 1993 οὐκ
2546 1943 2826 2009 ἄνθρωπον
2856 1942 3126 2008 γενέσθαι,
3158 1942 3289 1992 ἀλλὰ
3312 1942 3573 2004 διάϐολον,
3593 1941 3647 2002 ὃς
3672 1942 3785 2009 ίδίῳ
3806 1940 3983 2009 φθόνῳ

2427 2031 2521 2084 καὶ
2561 2033 2949 2101 παραχωρήσει
2984 2032 3103 2100 θείᾳ
3148 2033 3235 2083 διὰ
3278 2032 3372 2094 τὰς
3407 2032 3500 2083 τοῦ
3542 2033 3671 2084 ὶαοῦ
3704 2033 3981 2099 ἁμαρτίας

2427 2122 2738 2190 κατίσχυσε,
2773 2123 2865 2173 καὶ
2896 2120 3094 2189 ήρξατο
3126 2122 3591 2188 ἀναπεπταμένως
3621 2122 3715 2173 καὶ
3749 2121 3983 2189 ἰσχυρῶς

2425 2212 2524 2277 τῆς
2561 2211 2817 2271 ἀπιστίας
2845 2210 2937 2261 τοῦ
2958 2210 3351 2277 Ἀντιχρίστου.
3397 2210 3569 2277 Ὀρῶν
3598 2210 3779 2259 τοίνυν
3808 2210 3836 2259 ὁ
3868 2209 3984 2260 διά-

2428 2284 2582 2362 ϐολος
2629 2303 2728 2371 τὴν
2770 2302 2862 2353 τοῦ
2897 2300 3130 2368 Χριστοῦ
3165 2300 3344 2351 πίστιν
3389 2302 3445 2353 ὲν
3494 2302 3601 2360 τοῖς
3646 2299 3985 2360 ὰιιατολικοῑς

2426 2394 2759 2458 αὑξάνουσαν
2794 2395 3005 2461 μέρεσι,
3043 2392 3134 2444 καὶ
3180 2391 3276 2456 τὴν
3310 2390 3756 2457 εἰδωλολατρείαν
3807 2389 3983 2440 ἐκλεί-

2430 2502 2655 2547 πουσιν,
2682 2486 2993 2552 ἡττηθέντος
3014 2484 3111 2552 ἤδη
3136 2483 3226 2534 τοῦ
3251 2484 3487 2551 Χοσρόου
3518 2482 3610 2533 τοῦ
3632 2482 3740 2532 τῶν
3762 2479 3984 2547 Περσῶν

2430 2573 2691 2640 βασιλέως
2717 2574 2810 2625 καὶ
2832 2574 3028 2641 Μήδων
3072 2572 3162 2622 τοῦ
3193 2570 3579 2637 εἰδωλολάτρου
3610 2569 3697 2621 διὰ
3728 2569 3820 2618 τοῦ
3855 2567 3985 2634 Χρι-

2430 2664 2847 2717 στιανικωτάτου
2879 2664 3135 2732 βασιλέως
3171 2661 3516 2729 Ὶὶρακὶείου,
3542 2660 3597 2720 ὃς
3621 2659 3684 2727 δὴ
3716 2658 3986 2709 κατέϐαλε

2428 2754 2518 2807 τὸν
2546 2752 2744 2820 ὑψηλὸν
2776 2752 2982 2820 πύργον
3020 2752 3078 2803 ὃν
3116 2750 3277 2812 αὑτὸς
3321 2748 3666 2818 ᾠκοδόμησεν
3689 2748 3716 2798 ὁ
3741 2748 3987 2815 Χοσρέης

2430 2843 2491 2893 ὲκ
2522 2842 2722 2910 χρυσοῦ
2762 2842 2855 2893 καὶ
2883 2840 3124 2909 ἀργύρου
3154 2840 3245 2901 καὶ
3298 2840 3461 2891 λίθων
3489 2839 3707 2906 τιμίων,
3752 2838 3839 2890 διὰ
3892 2838 3988 2906 τὴν

2430 2931 2872 3000 εἰδωλολατρείαν
2904 2931 2995 2983 καὶ
3021 2931 3110 2982 τὸν
3145 2929 3375 2999 σταυρδν
3398 2928 3490 2980 τοῦ
3539 2926 3777 2996 Χριστςῦ
3811 2926 3988 2987 οὕτως

2431 3022 2709 3089 ὑψωθέντα
2751 3021 2837 3073 διὰ
2880 3020 2970 3071 τοῦ
3001 3018 3343 3098 Ἡρακλείου,
3382 3018 3476 3069 καὶ
3503 3017 3581 3069 ἐτι
3622 3018 3984 3085 ὑψωθησόμε-

776 3096 979 3151 Christi
1033 3098 1381 3169 Evangeiium
1429 3116 1642 3169 negare.
1698 3105 1822 3171 quia
1868 3104 1975 3172 jam
2030 3120 2125 3173 per
2162 3112 2329 3157 totum
2359 3121 2399 3180 ς

2434 3128 2542 3175 νον,
2581 3110 2774 3179 μηκέτι
2798 3096 3092 3177 δυνάμενος
3124 3109 3360 3160 ἐκτελεῖν
3396 3108 3491 3176 τήν
3513 3104 3818 3161 πολυθεταν.
3845 3106 3990 3173 μήτε

783 3189 1045 3242 mundum
1078 3190 1408 3257 divulgatum
1440 3202 1580 3255 erat,
1612 3195 1938 3262 excogitavit
1973 3194 2227 3264 ﬁgmento
2253 3196 2329 3249 le-

782 3278 865 3345 gis
891 3278 1199 3346 cujusdam,
1234 3282 1382 3347 quasi
1421 3282 1609 3335 mediae
1646 3284 1786 3336 inter
1824 3282 2025 3336 Novum
2069 3295 2124 3338 et
2168 3284 2333 3339 Vetus

782 3367 1215 3432 Testamentum,
1274 3371 1531 3424 mundum
1579 3372 1850 3441 decipere.
1897 3374 1961 3427 Et
2020 3382 2077 3427 ut
2129 3375 2231 3429 hoc
2266 3376 2329 3428 ad

784 3458 1039 3535 elTeCtum
1066 3461 1383 3523 deduceret,
1418 3466 1711 3532 assumpsit
1742 3461 2013 3519 hominem
2046 3469 2333 3536 quemdam

786 3550 1139 3615 diabolieum,
1196 3554 1414 3607 nomine
1445 3554 1833 3619 Mahometum,
1870 3557 2129 3625 religione
2166 3558 2338 3613 idolo-

786 3643 1000 3705 latram,
1029 3642 1242 3697 fortuna
1266 3660 1579 3713 pauperem,
1614 3652 1797 3701 mente
1823 3648 2141 3716 superbum,
2172 3652 2339 3705 male-

788 3731 929 3783 ﬁciis
974 3731 1269 3785 celebrem.
1309 3733 1375 3786 Et
1409 3736 1918 3801 quidem‘libentius
1958 3741 2339 3806 assumpsisset

786 3820 1039 3876 diabolus
1070 3822 1342 3876 hominem
1390 3825 1544 3877 home
1578 3825 1751 3890 lamze,
1790 3826 1833 3879 si
1883 3828 1988 3882 hoc
2016 3829 2063 3881 ei
2106 3831 2338 3897 permis-

786 3924 909 3963 su'n
945 3921 1121 3966 esset:
1172 3913 1331 3967 sicuti
1364 3925 1419 3968 et
1455 3915 1714 3968 libentius
1764 3926 2021 3972 tentasset
2062 3919 2337 3973 hominem

790 4014 887 4067 per
916 4000 1053 4053 aliud
1085 4001 1306 4067 animal,
1353 4004 1405 4057 in
1444 4020 1551 4071 quo
1580 4006 1812 4073 amplius
1864 4006 2037 4073 ipsius
2074 4008 2339 4062 maleﬁcia

790 4091 1121 4155 celarentur,
1155 4109 1316 4161 quam
1346 4110 1440 4163 per
1465 4105 1795 4163 serpentem.
1821 4096 1925 4149 Sed
1958 4112 2064 4151 non
2095 4098 2345 4165 permisit

791 4178 975 4233 divina
1018 4182 1305 4249 sapientia,
1336 4184 1438 4237 nisi
1468 4191 1523 4235 ut
1556 4185 1659 4237 tale
1702 4185 1902 4237 animal
1932 4196 2254 4249 assumeret,
2285 4192 2341 4239 et

792 4284 889 4336 per
946 4269 1103 4323 talem
1150 4270 1426 4324 hominem
1466 4272 1731 4324 mundum
1784 4272 2091 4337 invaderet,
2132 4282 2191 4327 ut
2218 4275 2337 4342 ipse

793 4359 1027 4413 mundus
1058 4360 1211 4414 facile
1230 4371 1411 4428 posset
1433 4360 1800 4427 considerare,
1820 4363 1994 4430 qualis
2015 4364 2098 4416 lex
2135 4362 2221 4416 illa
2246 4377 2333 4416 es-

794 4462 895 4514 set,
924 4470 1042 4518 qua:
1070 4470 1165 4522 per
1196 4454 1353 4508 talem
1379 4454 1740 4523 legislatorem
1772 4458 1894 4511 data
1920 4469 2023 4511 est.

2432 3200 2708 3261 παντελῶς
2735 3200 2823 3252 τὸν
2848 3200 2939 3251 τοῦ
2966 3199 3204 3254 Μωσέως
3227 3198 3389 3267 νόμον
3421 3197 3512 3249 καὶ
3534 3198 3592 3249 τὸ
3630 3197 3721 3249 τοῦ
3750 3195 3988 3263 Χριστοῦ

2430 3292 2754 3358 Εὐαγγέλιον
2784 3290 3144 3357 ὲξαρνεῐσθαι,
3174 3289 3272 3358 ήδη
3299 3289 3436 3341 κατὰ
3456 3289 3633 3339 παντα
3660 3288 3749 3339 τὸν
3780 3288 3991 3352 κόσμον

2429 3383 2950 3451 διαπεφημισμένον,
2981 3381 3121 3446 ἔγνω
3156 3381 3429 3446 πλάσματι
3462 3379 3629 3445 νίμου
3677 3378 3841 3438 τινὸς,
3872 3375 3989 3427 ὥσ-

2432 3487 2537 3538 περ
2567 3471 2623 3520 ὲν
2657 3471 2806 3537 μέσῳ
2856 3471 2953 3537 τῆς
3006 3468 3245 3528 Παλαιᾶς
3279 3468 3372 3519 καὶ
3422 3465 3654 3533 Καινῆς,
3707 3464 3994 3531 ἀπατῆσαι

2438 3560 2528 3613 τὸν
2561 3561 2810 3628 κόσμονδ
2826 3561 2931 3611 Καὶ
2981 3560 3065 3610 ἵνα
3088 3558 3245 3608 τοῦτο
3281 3560 3359 3617 είς
3393 3557 3549 3623 ἔργον
3582 3557 3780 3623 ἀγάγῃ,
3819 3570 3995 3621 προσ⁹

2438 3651 2657 3704 ελάὀετό
2700 3634 2823 3702 ’τινα
2876 3649 3161 3716 ἄνθρωπον
3203 3646 3527 3708 διαὸολικδν,
3563 3647 3781 3713 ὀνόματι
3819 3632 3998 3697 Μωά-

2442 3742 2564 3810 μεθ,
2587 3743 2652 3810 τῇ
2677 3739 2939 3809 θρησκείᾳ
2963 3737 3372 3803 εἰδωλολάτρην,
3400 3737 3466 3803 τῇ
3497 3734 3635 3803 τύχῃ
3657 3733 3888 3800 πένητα,
3915 3733 3997 3799 τῷ

2440 3832 2744 3899 φρονήματι
2791 3829 3158 3896 ὑπερήφανον,
3214 3826 3567 3892 κακουργίαις
3620 3823 3995 3888 ὑπερήφανον.

2442 3922 2548 3972 Καὶ
2576 3919 2722 3987 ἥδιον
2746 3918 2810 3970 ἂν
2839 3916 3201 3984 προσελάϐετο
3229 3916 3513 3983 ἄνθρωπον
3539 3913 3745 3980 ἀγαθῆς
3781 3912 3996 3978 φήμης,

2442 4011 2490 4061 εί
2516 4008 2671 4060 τοῦτο
2718 4008 3081 4075 παρεχωρεῖτο
3101 4022 3113 4035 ·
3148 4004 3304 4071 εἴπερ
3333 4005 3423 4055 καὶ
3457 4005 3605 4069 ἥδιον
3636 4005 3699 4055 ἂν
3728 4003 3815 4053 τὸν
3840 4001 4001 4069 πρῶο

2442 4115 2529 4149 τον
2555 4098 2836 4166 ἄνθρωπον
2860 4096 3111 4163 ἐπείρασε
3135 4094 3201 4145 δι’
3224 4094 3409 4161 ἑτέρου
3442 4092 3577 4155 ζῴου
3616 4094 3648 4160 ἦ
3696 4092 3761 4143 δι’
3787 4092 3996 4156 ὄφεως,

2440 4188 2498 4238 ὲν
2522 4180 2565 4251 ᾧ
2598 4186 2631 4252 ή
2673 4184 2881 4237 ἐκείνου
2919 4182 3149 4251 πονηρία
3188 4182 3381 4249 μᾶλλον
3413 4181 3479 4233 ἂν
3501 4181 3806 4248 ἀπεκρύϐιγ.
3847 4180 3997 4232 Ἀλλ’

2440 4278 2500 4329 οὑ
2537 4274 2907 4345 συνεχώρησεν
2961 4276 2994 4343 ἠ
3026 4274 3141 4325 θεία
3169 4274 3349 4339 σοφία,
3393 4272 3485 4325 καὶ
3520 4273 3605 4325 διὰ
3637 4272 3796 4323 τοῦτο
3818 4272 4019 4323 τοιοῦο-

2438 4379 2529 4415 τον
2558 4362 2782 4413 ἀνὲλαῦε
2837 4361 2994 4425 ζῶον,
3049 4361 3142 4412 καὶ
3200 4360 3285 4412 διὰ
3318 4360 3555 4412 τοιούτου
3585 4359 3871 4428 ἀνθρώπου
3920 4360 4002 4427 τῷ

2435 4458 2623 4525 κόσμῳ
2652 4450 2896 4518 ἐπέθετο,
2931 4455 3059 4510 ὥστ’
3088 4455 3246 4507 αὑτὸν
3273 4456 3361 4506 τὸν
3385 4455 3585 4522 κόσμον
3615 4455 3808 4520 ῥαδίως
3838 4454 4004 4521 δυνη-

795 4549 949 4617 θῆναι
1005 4550 1358 4617 κατανοῆσαι,
1413 4549 1649 4611 ποταπὸς
1683 4548 1747 4600 ἂν
1801 4549 1885 4617 εἴη
1913 4552 1939 4601 ὁ
1970 4551 2126 4617 νόμος
2163 4551 2390 4611 ἐκεῖνος,
2416 4550 2442 4601 ὀ
2473 4549 2559 4600 διὰ
2589 4547 2825 4600 τοιούτου
2855 4546 3026 4608 δοθεὶς
3063 4545 3374 4616 νομοθέτου.

866 4639 1130 4708 Superato
1168 4641 1335 4710 igitur
1359 4640 1603 4695 Cbosroe
1636 4657 1666 4694 a
1697 4642 1954 4710 praedicto
1985 4641 2252 4705 Heraclio,
2286 4651 2341 4695 et
2374 4644 2415 4697 ο

797 4732 1055 4797 translata
1090 4740 1273 4785 sancta
1300 4746 1461 4785 cruce
1496 4732 1547 4785 in
1571 4730 1866 4785 Jerusalem
1896 4748 2017 4785 cum
2044 4732 2337 4798 triumpho,

792 4826 1189 4887 sexcentesimo
1238 4824 1493 4877 vicesimo
1526 4838 1667 4876 anno
1717 4824 1784 4876 ab
1836 4823 2208 4875 incarnatione
2239 4824 2343 4875 Do-

797 4918 953 4978 mini,
990 4916 1203 4968 decimo
1236 4912 1429 4982 quinto
1463 4922 1641 4969 autem
1694 4912 1907 4980 imperii
1942 4909 2195 4975 lleraclii,
2248 4927 2343 4979 ap-

800 5006 982 5077 paruit
1015 5006 1239 5073 quidam
1285 5004 1625 5061 Maliometus
1654 5004 1845 5066 Arabs,
1878 5003 1971 5070 qui
1998 5002 2232 5071 primum
2260 5002 2344 5055 di-

799 5115 895 5156 ves
923 5100 1099 5152 lactus
1131 5114 1227 5167 per
1262 5098 1549 5165 quamdam
1578 5096 1818 5161 viduam,
1847 5111 2005 5163 quam
2032 5097 2087 5148 in
2124 5109 2345 5147 uxorem

798 5190 976 5252 duxit,
1022 5198 1073 5241 et
1113 5198 1234 5257 post
1289 5189 1403 5257 hare
1452 5190 1702 5257 princeps
1746 5189 2015 5247 latronum
2065 5187 2255 5249 factus,
2292 5185 2348 5237 in

804 5288 1009 5335 tantum
1038 5282 1286 5351 prorupit
1312 5278 1646 5347 superbiam,
1681 5285 1741 5330 ut
1759 5286 1815 5331 et
1846 5293 1939 5331 rex
1969 5276 2205 5358 Arabum
2231 5275 2346 5327 ﬁeri

802 5375 1056 5430 volnerit.
1095 5372 1199 5426 Sed
1229 5373 1351 5439 quia
1386 5370 1487 5439 ipsi
1521 5386 1629 5423 non
1656 5377 2012 5436 susceperunt
2040 5384 2186 5427 eum,
2221 5366 2347 5434 quia

802 5461 870 5515 de
902 5475 1099 5529 genere
1128 5469 1183 5513 et
1212 5459 1470 5527 opinione
1501 5459 1627 5511 vilis
1652 5467 1789 5520 erat,
1821 5457 1971 5508 tinxit
2004 5472 2059 5508 se
2086 5471 2204 5509 esse
2233 5470 2355 5522 pro-

807 5553 1047 5621 phetam.
1084 5550 1299 5607 Etcum
1332 5549 1591 5603 comitiali
1620 5548 1807 5601 morbo
1845 5536 2136 5609 laboraret,
2169 5544 2235 5598 ne
2269 5546 2355 5598 ﬁr-

810 5645 970 5696 miter
996 5645 1119 5713 quis
1143 5658 1209 5696 eo
1238 5642 1520 5696 detentum
1546 5655 1662 5695 esse
1688 5640 1958 5701 crederet,
1986 5637 2241 5691 continue
2272 5651 2360 5690 ca-

806 5735 965 5801 dens,
1007 5735 1223 5793 dicebat
1253 5733 1501 5806 angelum
1532 5748 1652 5787 cum
1683 5746 1748 5786 eo
1772 5730 2026 5799 colloqui.
2064 5729 2233 5784 Dabat
2261 5742 2357 5781 au-
2394 5735 2399 5741 '

2515 4640 2617 4691 Τοῦ
2648 4640 2892 4705 Χοσρόου
2920 4638 3095 4690 τοίνυν
3122 4637 3445 4706 ἡττηθέντος
3479 4638 3627 4706 παρὰ
3659 4634 3751 4688 τοῦ
3782 4639 4007 4705 εἰρημέ-

2447 4745 2539 4781 νου
2568 4729 2911 4797 Ἡρακλείου,
2949 4726 3041 4779 καὶ
3084 4728 3495 4801 μετενεχθέντος
3518 4729 3611 4779 τοῦ
3650 4729 3806 4796 ἁγίου
3841 4745 4008 4779 σταυ-

2450 4819 2673 4889 ροῦ“εἰς
2726 4819 2823 4888 τὴν
2863 4819 3213 4887 Ἰερουσαλὴμ
3266 4820 3402 4886 μετὰ
3432 4818 3699 4887 θριάμϐου
3751 4818 3893 4869 κατὰ
3945 4819 4005 4868 τὶι

2447 4910 2819 4975 ἑξακοσιοστὸν
2852 4892 3090 4961 εἰκοστὸν
3126 4908 3279 4959 ἕκτον
3306 4908 3418 4969 ἔτος
3440 4908 3546 4959 ἀπὸ
3569 4910 3663 4975 τῆς
3685 4906 3776 4958 τοῦ
3796 4908 4006 4974 Κυρίου

2452 5000 2797 5070 σαρκώσξως,
2828 5000 3289 5067 πεντεκαιδεκάτῳ
3316 4998 3372 5051 δὲ
3399 4998 3490 5050 τοῦ
3531 4997 3791 5066 βασιλέως
3835 4997 4008 5065 Ἥρα-

2456 5089 2657 5151 κλείου,
2691 5090 2929 5157 ἀνεφάαι
2951 5104 3031 5149 τις
3052 5087 3237 5156 Μαχού
3247 5104 3369 5155 μετ,
3392 5088 3455 5138 Ἀ
3467 5085 3595 5155 ρσψ,
3618 5086 3673 5147 ὃς
3697 5086 3754 5137 τὸ
3790 5086 4009 5156 πρῶτον

2452 5180 2703 5244 πλούσιος
2754 5180 2991 5247 γεγονὼς
3036 5180 3123 5233 διά
3164 5197 3306 5242 τινος
3351 5169 3546 5247 γήρας,
3578 5177 3643 5247 ήν
3665 5180 3744 5241 είς
3768 5183 4009 5244 γυναῖκα

2454 5274 2709 5339 ἠγάγετο,
2745 5273 2837 5323 καὶ
2894 5272 3029 5339 μετὰ
3074 5268 3242 5323 ταῦτα
3271 5269 3450 5337 ἄρχων
3479 5267 3688 5338 λῃστῶν
3743 5270 4007 5335 γεγονὼς,

2450 5367 2529 5426 εἰς
2574 5366 2824 5429 τοιαύτην
2857 5362 3153 5416 κατέπεσεν
3184 5360 3577 5430 ὑπερηφανίαν,
3614 5358 3755 5411 ὥστε
3782 5360 3872 5410 καὶ
3904 5358 3997 5428 βα.

2456 5442 2896 5520 σιλεὺςἊράὅων
2945 5450 3192 5517 γενέσθαι
3237 5449 3478 5517 θελῆσαι.
3523 5449 3913 5525 Ἐπιληπτικδς
3952 5450 4012 5504 δὲ

2456 5545 2553 5605 ὢν,
2585 5545 2671 5596 ἵνα
2709 5542 2935 5610 βεϐαίως
2968 5534 3190 5609 κάτοχος
3212 5557 3295 5601 τις
3326 5537 3463 5592 εἶναι
3511 5539 3853 5607 πιστεύηται,
3884 5556 4012 5592 συν-

2458 5634 2598 5703 εχῶς
2630 5632 2863 5694 πίπτων,
2887 5631 3068 5697 ἔλεγεν
3102 5630 3325 5697 ἄγγελον
3360 5628 3506 5697 αὑτῷ
3527 5628 3826 5683 συλλαλεῖν.
3869 5630 4025 5681 Ἐδι-“

2459 5726 2547 5777 δου
2580 5724 2633 5777 δὲ
2670 5722 2803 5793 μετὰ
2827 5720 2998 5775 ταῦτα
3037 5721 3353 5789 ἀποκρίσεις
3373 5722 3545 5785 τινὰς,
3569 5718 3636 5782 ἃς
3664 5719 3761 5790 (ὡς
3800 5720 4010 5787 ἔλεγεν)
