4166 6330
118 356 119 359 γ
196 379 330 442 1m

1374 383 1686 444 CONTRA"
1705 384 1806 442 MA
1821 384 1970 443 HO.“
1988 387 2205 446 ETEM.

3261 376 3393 439 1118

187 492 352 556 ᾕκουε
383 488 536 558 δίκην
570 490 811 554 κώδωνος
865 491 1230 561 περιηχοῦσης
1260 489 1420 545 αὑτοῦ
1463 496 1573 553 τοῖς
1617 493 1739 543 ώσι.

1848 503 1951 546 tem
1980 508 2100 563 post
2125 496 2238 550 huic
2260 473 2649 562 responsiones
2670 490 2952 562 quasdam,
2975 502 3108 558 quas
3132 486 3211 559 (ut
3232 488 3390 543 dixit)

189 579 302 633 Καὶ
322 580 443 635 ἐπεὶ
485 580 700 649 ίδιώτης
725 578 813 649 ἦν,
847 582 940 636 καὶ
973 582 1352 651 ἀγράμματος,
1390 582 1621 635 δέδωκεν
1644 582 1744 632 αὐ-

187 668 268 741 τῷ
325 671 354 723 6
403 653 643 733 δῖἀϐολος
702 673 921 741 ἑτέρους
964 672 1195 735 οἰκείους
1244 671 1745 746 αὐτῷδαὶρετικρύς

190 778 342 823 τινας
372 764 465 815 καὶ
487 762 798 827 Ἰουδαίους,
826 766 919 817 καὶ
940 764 1297 833 Χριστιανοὺς
1327 765 1521 834 ὁμοίως
1548 766 1747 833 αἰρετι-

191 850 340 910 κούς.
377 850 786 921 Προσεκολλήθη
830 853 937 921 γὰρ
961 852 1104 921 αὐτῷ
1142 870 1225 914 τις
1266 848 1599 921 Ἰακωῆίτης,
1628 852 1747 918 ὀνός

197 956 326 1005 ματι
351 940 588 1010 Βαειρά,“
620 938 713 996 καὶ
739 943 987 1013 διήρκεσε
1029 942 1166 1011 μετά
1203 943 1293 995 τοῦ
1339 941 1576 1009 Minian
1630 953 1763 1009 σχε-·

194 1031 285 1083 δὸν
312 1033 473 1100 μέχρι
495 1034 745 1086 θανάτου.
783 1033 1028 1086 Φαίνεται
1062 1033 1115 1084 δὲ
1149 1033 1223 1093 ὡς
1271 1034 1404 1101 μετά
1430 1031 1600 1084 ταῦτα
1653 1032 1750 1083 αὑ-

194 1121 291 1173 τὸν
331 1124 357 1174 6
395 1122 691 1190 Μαχούμετ
741 1124 1074 1178 ἀπέκτεινεν.
1130 1123 1293 1175 Ἀλλὰ
1336 1124 1429 1174 καὶ
1507 1119 1744 1173 Ἰουδαῖοί

195 1226 363 1273 τινες,
396 1211 579 1273 Φινεὲς
634 1211 874 1281 δηλονότι
927 1213 1022 1264 καὶ
1052 1213 1235 1277 Αὖδιά,
1284 1213 1505 1280 ὀνόματι
1540 1209 1744 1273 Σαλὼν,

198 1304 337 1372 μετὰ
387 1304 559 1355 ταῦτα
590 1303 644 1355 δὲ
675 1303 921 1356 Αὐδαλλᾶ
954 1302 1257 1371 εἰρημένος,
1313 1303 1404 1353 καὶ
1444 1301 1637 1366 Σελὲμ,
1696 1301 1744 1353 οἳ
1794 1317 1797 1320 '

197 1396 294 1448 καὶ
326 1395 577 1461 γεγόνασι
635 1394 1002 1465 Σαρρακηνοί·
1055 1393 1145 1446 καί
1198 1410 1341 1454 τινες
1374 1392 1745 1459 Νεστοριανοὶ,

197 1485 245 1538 οἳ
275 1484 504 1552 μάλιστα
528 1483 836 1535 κοινωνοῦσι
868 1482 1231 1551 Σαρὂκηνοῖς
1255 1480 1498 1545 λέγοντες
1531 1478 1603 1543 μὴ
1620 1476 1750 1528 Θεὸν

196 1572 556 1639 γεγεννῆσθαι
595 1575 658 1624 ἐκ
703 1573 797 1639 τῆς
820 1571 1034 1639 Μαρίας
1068 1570 1363 1638 Παρθένου,
1397 1569 1508 1621 ἀλλ’
1537 1570 1753 1637 ὀὶνθρω⁹

200 1680 300 1715 πον
337 1660 544 1731 Ἰησοῦν
570 1663 819 1730 Χριστόν.
854 1662 961 1713 Καὶ
979 1661 1098 1713 τότε
1128 1661 1422 1729 συνέθηκεν
1459 1661 1486 1711 6
1511 1658 1752 1726 Μωάμεθ

198 1754 319 1805 τινά
349 1753 513 1820 νόμου
546 1752 727 1821 τρόπῳ
761 1751 846 1803 διὰ
873 1750 978 1802 τῶν
1009 1751 1228 1819 ἑτέρων,
1280 1749 1572 1818 λαμϐάνων
1621 1747 1773 1800 τινά⁴

204 1845 305 1912 μὲν
338 1845 401 1896 ἐκ
432 1844 530 1911 τῆς
563 1841 822 1903 Παλαιᾶς,
874 1840 991 1905 τινὰ
1011 1841 1065 1891 δὲ
1090 1842 1156 1892 ὲκ
1203 1841 1537 1909 τῆςμΚαινῆς
1564 1839 1758 1907 Διαθή-

199 1949 327 1999 κης.
367 1932 441 1982 06
486 1932 590 2000 μὴν
617 1931 736 1982 τότε
768 1932 793 1981 6
828 1930 950 1991 λαὸς
980 1925 1089 1998 εἶχε
1118 1930 1176 1981 τὸ
1216 1927 1557 1993 ’Λλκοράνον.
1582 1926 1754 1991 Λέγε-

199 2038 291 2073 ται
326 2023 508 2090 μέντοι
559 2023 617 2073 ὲν
672 2023 792 2082 ταῖς
824 2020 999 2073 αὐτῶν
1032 2019 1292 2088 ἱστορίαις
1324 2020 1496 2070 εἰπεῖν
1524 2018 1613 2068 τὸν
1639 2018 1761 2069 Μα-

200 2113 405 2185 χοῷμετ
428 2127 442 2142 ⁶
480 2112 759 2183 Κατῆλθεν
814 2112 898 2163 ἐπ’
933 2113 1029 2178 ἐμὲ
1068 2111 1128 2161 τὸ
1181 2094 1504 2177 Ἀλκοράνον
1536 2109 1592 2159 ὲν
1619 2106 1757 2158 ἑπτὰ

202 2187 473 2273 ἀνδράσιῖ
521 2203 614 2255 καὶ
662 2203 796 2272 ὅπερ
852 2202 917 2255 ἂν
970 2200 1101 2253 πολὺ
1138 2193 1195 2271 ᾖ,
1228 2199 1404 2268 ἀρκεῖ.
1442 2198 1673 2264 Λέγουσι
1701 2194 1758 2248 δὲ

201 2295 426 2358 τούτους
448 2294 697 2363 γενέσθαι
718 2293 806 2346 τδν
824 2294 998 2361 Ναφὲ,
1024 2295 1114 2347 καὶ
1142 2294 1279 2360 Ἐδν,
1299 2295 1496 2363 Ὀμάρ,
1525 2291 1760 2361 Ὀμ6ρά,

216 2384 507 2452 Ἐλρεσὲρ,
524 2382 689 2453 Ἀσὴρ
712 2383 799 2435 τὸν
825 2383 935 2447 υἱὸν
957 2383 1047 2435 τοῦ
1067 2382 1269 2455 Κετὴρ,
1301 2386 1391 2436 καὶ
1416 2383 1506 2434 τὸν
1533 2381 1648 2434 υἱὸν
1666 2381 1761 2434 τοῦ

207 2476 413 2544 Ἀμερ.
456 2472 718 2545 Ἐροῦμεν
745 2476 928 2527 τοίνυν
980 2475 1182 2539 αὐτοῖς,
1246 2475 1585 2542 ’Δνέγνωσάν
1634 2489 1762 2525 ποτε

198 2565 362 2619 τοῦτο
378 2565 609 2620 ἐνώπιον
633 2566 725 2618 τοῦ
752 2556 994 2633 Μωάμεθ
1014 2581 1028 2629 ;
1051 2567 1143 2618 καὶ
1163 2567 1360 2627 πάντες
1384 2564 1587 2635 ἐροῦσι,
1608 2564 1761 2631 Οὐχὶ,

201 2657 320 2710 ἀλλ’
350 2656 578 2709 ἐνώπιον
595 2658 698 2710 τῶν
729 2657 1132 2727 πρεσϐυτέρων,
1160 2656 1255 2708 καὶ
1274 2655 1445 2716 οὕτως
1476 2655 1635 2724 μέχρι
1673 2656 1763 2707 τοῦ

200 2748 470 2817 ἓίωάμεθ,
505 2749 726 2802 Βέὸαιον
768 2751 823 2802 δέ
856 2752 1021 2813 ἐστιν,
1051 2750 1133 2802 ὅτι
1170 2742 1317 2803 οὗτοι
1357 2743 1766 2816 οὑσυνεφώνη-

202 2854 308 2893 σαν
335 2842 445 2904 τοῖς
477 2840 715 2910 πρώτοις
745 2840 1131 2909 πρεσϐυτέροις
1182 2841 1239 2892 ὲν
1281 2843 1345 2907 τῇ
1373 2837 1677 2905 ἀναγνώσει
1703 2840 1768 2908 ἢν

202 2928 305 2983 νῦν
334 2930 678 2999 κατέχουσιν.
716 2931 780 2984 Ὃ
814 2931 1085 2983 δείκνυται
1132 2932 1193 2981 ἐκ
1226 2929 1313 2980 τοῦ
1341 2930 1397 2980 τὸ
1427 2928 1517 2980 τοῦ
1552 2927 1767 2997 πρώτου

208 3023 412 3091 μέρους
439 3022 769 3090 ἀνάγνωσμα
789 3021 1027 3074 ἐναντίον
1046 3014 1182 3073 εἶναι
1213 3020 1289 3090 τῷ
1323 3020 1558 3090 δευτέρῳ
1587 3019 1765 3089 μέρει.

1846 587 2101 641 audiebat
2127 584 2281 653 quasi
2314 599 2412 652 per
2442 582 2660 635 modum
2692 595 2966 648 campana:
2990 579 3391 633 circumsonan-

1847 680 1915 733 tis
1947 677 2169 730 auribus
2202 677 2339 745 ejus.
2370 674 2436 727 Et
2468 674 2592 740 quia
2624 673 2790 725 idiota
2818 681 2957 730 erat,
2985 679 3037 723 et
3065 669 3393 730 illitteratus,

1854 770 2006 823 dedit
2034 769 2085 822 ei
2118 767 2369 821 diabolus
2401 765 2581 819 socios
2614 764 2884 832 proprios.
2924 770 2979 814 et
3009 759 3269 827 quosdam
3298 756 3402 808 Ine-

1849 861 2047 915 reticos
2090 867 2146 913 et
2174 857 2409 919 Judazos,
2461 862 2516 907 et
2552 853 2891 907 Christianos
2941 849 3195 902 similiter
3234 848 3402 898 haere-

1852 954 2006 1005 ticos.
2062 948 2305 1003 Adhzesit
2337 946 2481 1000 enim
2533 945 2580 998 ei
2624 943 2839 1011 quidam
2872 940 3140 999 Jacobita,
3185 938 3403 990 nomine

1850 1040 2026 1099 Baira,
2052 1048 2107 1091 et
2137 1036 2351 1089 duravit
2376 1048 2498 1085 cum
2533 1032 2839 1085 Mahometo
2866 1042 3034 1095 usque
3059 1026 3123 1079 ad
3149 1036 3403 1078 mortem.

1850 1135 2172 1199 Ferturque,
2213 1129 2357 1197 quod
2391 1127 2728 1181 Mahometus
2758 1134 2941 1194 postea
2977 1121 3267 1175 interiecit.
3298 1118 3403 1170 Sed

1851 1235 1901 1278 et
1933 1223 2102 1277 Judwi
2138 1220 2382 1290 quidam,
2432 1217 2667 1271 Phinees
2699 1214 2971 1274 videlicet,
2997 1220 3050 1262 et
3084 1210 3274 1271 Audia,
3302 1223 3407 1258 no-

1854 1314 1997 1365 mine
2046 1311 2233 1372 Salon,
2284 1310 2415 1378 post
2456 1308 2570 1360 haec
2620 1314 2800 1358 autem
2838 1302 3041 1354 Audala
3099 1300 3299 1357 dictus.
3351 1307 3407 1350 et

1856 1404 2031 1458 Selem
2057 1420 2069 1456 :
2100 1400 2192 1470 qui
2222 1401 2387 1454 etiam
2434 1397 2560 1451 facti
2598 1405 2726 1448 sunt
2759 1394 3039 1448 Saraceni.
3091 1393 3155 1444 Et
3189 1390 3406 1458 quidam

1855 1494 2184 1553 Nestoriani,
2219 1490 2311 1561 qui
2352 1490 2583 1543 maxime
2617 1503 2739 1542 cum
2769 1483 3055 1539 Saracenis
3081 1483 3411 1536 conveniunt

1855 1586 2120 1645 dicentes,
2172 1584 2313 1650 quod
2346 1584 2489 1636 Deus
2538 1596 2642 1634 non
2675 1590 2757 1633 est
2794 1589 2953 1632 natus
2990 1577 3056 1631 de
3090 1576 3246 1628 beata
3282 1570 3407 1625 Viri

1857 1677 2000 1745 ginc.
2038 1675 2130 1730 sed
2172 1674 2335 1727 homo
2366 1674 2523 1728 Jesus
2544 1673 2819 1727 Christus.
2858 1672 2921 1725 Et
2950 1681 3077 1721 tunc
3106 1665 3411 1729 composuit

1861 1768 2189 1820 Mahometus
2223 1764 2466 1832 quaedam
2505 1764 2557 1816 in
2593 1762 2811 1816 modum
2881 1761 3017 1829 legis
3069 1775 3166 1826 per
3211 1757 3410 1817 socios,

1857 1872 2136 1911 assumens
2162 1854 2403 1923 quaedam
2422 1853 2638 1921 quidem
2662 1869 2691 1905 a
2712 1851 2917 1916 Veteri,
2949 1850 3195 1919 qmcdam
3231 1857 3411 1900 autem

1859 1968 1886 2003 a
1935 1950 2084 2003 Novo
2115 1947 2485 2000 Testamento.
2518 1943 2637 1996 Non
2675 1953 2853 1995 tamen
2892 1950 3020 1993 tunc
3052 1941 3285 2008 populus
3317 1940 3416 1990 ha-

1862 2041 2388 2095 bebatAlcoranum.
2423 2035 2627 2087 Dicitur
2656 2043 2834 2087 tamen
2862 2033 2915 2084 iu
2938 2047 3123 2084 eorum
3153 2030 3413 2090 ltistnriis,

1860 2132 2002 2199 quod
2040 2128 2374 2182 Mahometus
2423 2124 2589 2177 dicit:
2624 2121 2911 2177 Descendit
2960 2121 3024 2174 ad
3080 2135 3165 2172 me
3199 2119 3415 2171 Alcora-

1860 2238 1989 2276 num
2026 2221 2078 2273 in
2111 2227 2317 2287 septem
2348 2217 2501 2281 viris,
2528 2226 2583 2269 et
2610 2212 2875 2284 quidquid
2906 2220 2988 2265 est
3020 2211 3155 2265 satis
3199 2208 3416 2262 sulm-it.

1863 2293 2057 2367 Dicunt
2108 2320 2284 2362 autem
2334 2307 2434 2360 hos
2471 2305 2657 2367 fuisse,
2706 2302 2914 2370 Naphe,
2961 2310 3016 2353 et
3066 2298 3199 2359 Eon,
3234 2296 3419 2358 Omar,

1866 2404 2049 2462 Omra,
2078 2401 2321 2462 Elecsar,
2358 2397 2481 2450 Asir
2512 2395 2679 2447 tilium
2706 2392 2916 2455 Cethir,
2945 2400 2999 2444 et
3030 2390 3199 2443 [ilium
3232 2390 3417 2439 Amer.

1864 2489 2319 2555 Diximusbigitur
2354 2486 2455 2546 eis.
2505 2483 2722 2553 quando
2776 2483 3025 2551 legerunt
3083 2480 3185 2532 hoc
3237 2492 3420 2531 coram

1836 2634 1837 2637 η
1865 2582 2215 2637 Mahomcto?
2245 2580 2311 2633 Et
2346 2593 2536 2645 amnes
2564 2576 2841 2639 dixerunt,
2868 2576 3012 2643 quod
3044 2588 3175 2635 non,
3204 2569 3297 2623 sed
3331 2585 3423 2621 co-

1866 2688 1982 2727 ram
2014 2670 2343 2731 senioribus.
2378 2678 2431 2723 et
2475 2668 2555 2722 sic
2584 2683 2757 2736 usque
2789 2666 2852 2720 ad
2888 2665 3273 2719 Malmmetum.
3303 2658 3421 2714 Fir-

1874 2778 2022 2817 mum
2075 2769 2257 2814 autem
2310 2770 2416 2821 est,
2452 2756 2598 2825 quod
2652 2756 2705 2809 hi
2743 2770 2848 2808 non
2878 2760 3252 2808 convenerunt
3300 2764 3421 2803 cum

1870 2852 2179 2907 senioribus
2212 2848 2486 2918 prioribus
2524 2847 2578 2899 in
2626 2846 2807 2898 littera
2848 2858 3007 2913 quam
3039 2856 3187 2895 nunc
3216 2849 3426 2913 tenent.

1869 2942 2020 3007 Quod
2068 2940 2328 3009 probatur
2369 2952 2435 2990 ex
2482 2951 2570 2996 eo,
2608 2934 2750 3003 quod
2802 2933 2985 2989 littera
3037 2931 3223 3001 prima-
3254 2929 3424 2997 partis

1871 3034 2145 3091 contraria
2194 3039 2278 3086 est
2306 3030 2452 3099 parti
2485 3027 2760 3083 secundze.
2790 3026 2833 3080 A
2862 3034 3105 3093 tempore
3140 3023 3283 3076 enim
3318 3020 3427 3072 Ma-

213 3113 352 3167 ’Λπδ
380 3111 486 3181 γὰρ
522 3111 616 3164 τοῦ
650 3112 837 3181 καιροῦ
858 3112 950 3165 τοῦ
982 3110 1223 3181 Μωὰμεθ
1248 3111 1420 3174 οὐδεὶς
1449 3110 1763 3180 ἐπιστήμων

1870 3129 2071 3183 hometi
2119 3125 2301 3179 nullus
2348 3124 2554 3192 peritus
2607 3118 3006 3180 fuit'Alcorani,
3053 3116 3158 3170 nisi
3213 3113 3419 3169 Audala

199 3207 396 3274 γέγονε
425 3203 519 3257 τοῦ
555 3203 899 3274 Ἀλκοράνου.
929 3208 977 3258 εἰ
1019 3204 1093 3273 μὴ
1122 3207 1149 3257 6
1184 3204 1427 3257 Αὑδαλ).ἄ
1464 3206 1492 3256 6
1529 3203 1640 3264 υίὸς
1665 3201 1756 3255 τοῦ

201 3297 520 3359 Μεσετοὺδ.
571 3297 664 3350 καὶ
695 3303 722 3351 6
776 3297 900 3351 Ζεῖθ
955 3300 981 3350 6
1027 3297 1139 3359 υἱὸς
1170 3296 1263 3349 τοῦ
1296 3297 1547 3365 Ταμπὲθ.
1602 3296 1696 3348 καὶ
1735 3297 1763 3347 6

205 3390 394 3446 Κανάν
418 3391 532 3453 υἱὸς
570 3390 759 3461 Ὀφὴν,
813 3392 905 3443 καὶ
929 3391 955 3441 6
997 3388 1176 3458 Ἐμπῆ
1202 3387 1493 3450 υἱδςΤάπ.
1528 3387 1661 3456 Περὶ
1704 3385 1760 3438 δὲ

202 3480 303 3535 τοῦ
325 3481 456 3549 ’τιλῆ
478 3480 571 3532 τοῦ
608 3480 722 3533 υἱοῦ
753 3480 844 3532 τοῦ
874 3480 1155 3549 Ἀὄιτελὲμ
1186 3480 1328 3542 τινες
1372 3478 1618 3546 λέγουσιν
1650 3475 1768 3529 ἐπί-

205 3570 439 3625 στασθαι
460 3570 644 3638 μέρος,
676 3570 816 3633 τινὲς
845 3571 898 3623 δὲ
928 3569 1010 3624 οὕ.
1039 3552 1312 3633 Ἕκαστος
1332 3570 1389 3623 δὲ
1412 3570 1616 3625 τούτων
1633 3585 1768 3622 ’συν-

209 3660 411 3727 έθηκεν
434 3659 777 3727 Ἀλκοράνον,
828 3659 904 3729 τῷ
952 3661 1056 3711 τῶν
1106 3659 1278 3713 ἄλλων
1314 3658 1624 3727 Ἀλκοράνῳ
1650 3660 1763 3710 ἀνοο

210 3748 514 3817 μοιότατον.
548 3747 925 3818 Ἐπολέμησαν
946 3749 1001 3800 δὲ
1030 3751 1125 3800 καὶ
1157 3748 1291 3816 πρὸς
1323 3747 1767 3817 ἀλλήλουςμέχρι

206 3840 472 3905 θανάτου,
518 3837 593 3910 μὴ
618 3838 894 3908 δεχόμενοι
936 3838 1006 3892 τά
1035 3840 1142 3890 τῶν
1174 3838 1367 3892 ἄλλων.
1410 3838 1564 3892 Μετὰ
1593 3838 1649 3891 δὲ
1679 3839 1770 3889 τὸν

205 3930 437 3984 ἐκείνων
466 3929 693 3983 θάνατον
740 3927 1077 3998 ὲδιχονόησεν
1110 3929 1137 3979 6
1161 3927 1288 3990 λαὸς
1322 3930 1378 3981 ἐν
1408 3927 1486 3997 τῷ
1511 3928 1769 3992 Ἀλκορά-

207 4039 290 4091 νῳ
340 4022 499 4091 μέχρι
526 4021 625 4074 τοῦ
650 4019 841 4090 καιροῦ
865 4021 956 4072 τοῦ
983 4020 1227 4089 Περπᾶν,
1259 4018 1349 4072 τοῦ
1382 4019 1496 4071 υἱοῦ
1513 4018 1768 4088 Ἐλεκέμ,

204 4113 267 4175 6;
296 4112 590 4180 συνέθηκεν
619 4111 800 4173 αὐτοῖς
823 4110 978 4163 τοῦτο
1007 4110 1066 4162 τὸ
1096 4110 1415 4180 Ἀλκοροὶνον
1446 4112 1474 4165 ὂ
1505 4112 1596 4164 νῦν
1621 4112 1772 4180 ἐχου-

208 4219 322 4256 σιν.
349 4203 649 4271 Ἐνέπρησε
698 4202 753 4253 δὲ
794 4203 886 4255 καὶ
910 4203 974 4253 τὰ
997 4202 1127 4255 ἄλλα
1149 4202 1474 4270 Ἀλκοράνα.
1504 4203 1611 4254 Καὶ
1650 4203 1770 4253 τότε

205 4296 257 4348 οἱ
308 4293 588 4363 εἰρημένοι
642 4294 780 4346 ἑπτὰ
828 4293 933 4346 τῶν
975 4295 1178 4345 πόλεων
1219 4293 1473 4362 ἄρχοντες
1515 4294 1770 4353 ἀντεῖπον

204 4384 462 4453 ἀλλήλοις
488 4383 548 4435 ἐν
594 4399 652 4435 τε
682 4386 747 4452 τῇ
782 4386 1139 4452 γραμματικῇ
1184 4384 1274 4435 καὶ
1305 4382 1419 4447 10R;
1453 4383 1599 4445 ίδίοις
1625 4383 1768 4435 ἰδιώ-

1868 3218 2011 3271 [ilius
2036 3216 2297 3273 Mesetud.
2339 3223 2393 3266 et
2441 3211 2593 3265 Zeith
2629 3210 2771 3288 (ilius
2801 3208 3086 3276 Tampeth,
3140 3215 3194 3258 et
3240 3203 3422 3257 Cana:

1868 3308 2010 3361 ﬁlius
2060 3305 2275 3375 Ophyn,
2336 3312 2390 3357 et
2434 3294 2583 3369 Enpe
2616 3301 2758 3354 (ilius
2810 3299 2943 3366 'l'ap.
3001 3298 3071 3349 De
3102 3296 3186 3349 Ali
3241 3303 3420 3346 autem

1868 3396 1975 3448 ﬁlio
2038 3393 2345 3454 Abitalem,
2417 3388 2635 3457 quidam
2696 3388 2885 3440 dicunt
2951 3385 3090 3441 scire
3162 3394 3416 3449 partem,

1866 3484 2086 3556 quidam
2133 3462 2319 3536 autem
2369 3497 2496 3534 non.
2541 3478 2779 3545 Quilibet
2822 3487 3001 3529 autem
3051 3475 3243 3527 horum
3273 3486 3424 3524 com-

1870 3577 2049 3645 posuit
2066 3576 2411 3635 Aleorauum,
2434 3572 2666 3625 aliorum
2688 3570 2955 3622 Alcorano
2978 3565 3422 3644 dissimillimum.

1871 3669 2251 3737 Pugnaverunt
2293 3673 2472 3717 autem
2505 3671 2562 3716 et
2609 3662 2751 3714 inter
2781 3676 2837 3713 se
2870 3674 3041 3727 usque
3073 3657 3135 3710 ad
3170 3664 3423 3718 mortem,

1871 3773 1977 3811 non
2010 3755 2374 3823 suscipientes
2415 3768 2535 3821 qua:
2562 3759 2720 3806 erant
2749 3752 3000 3804 aliorum.
3032 3750 3164 3811 Post
3193 3756 3422 3801 mortem

1860 3848 2127 3903 dissensit
2174 3848 2409 3916 populus
2465 3846 2519 3898 in
2570 3844 3057 3921 Alcorano,rusque
3110 3840 3176 3893 ad
3206 3823 3421 3907 tempus

1870 3940 2144 4011 lllermpan
2175 3939 2269 3994 lilii
2291 3940 2512 4002 Elezen,
2534 3936 2946 4008 quicomposuit
2964 3935 3044 3990 eis
3071 3934 3174 3987 hoc
3204 3933 3426 3988 Alcora-

1871 4046 1999 4084 num
2062 4030 2206 4099 quod
2241 4044 2383 4083 nunc
2412 4029 2632 4081 habent.
2658 4026 2973 4082 Combussit
3017 4032 3195 4079 autem
3231 4034 3285 4078 et
3314 4024 3419 4077 alia

1870 4123 2158 4176 Alcorana.
2187 4121 2254 4174 Et
2286 4131 2416 4172 tunc
2450 4126 2612 4172 etiam
2644 4118 2924 4170 civitatum
2955 4116 3192 4184 praefecti
3220 4112 3426 4182 septem

1871 4211 2323 4279 coptradiceban‘t
2349 4209 2451 4261 sibi
2478 4209 2528 4260 in
2552 4209 2906 4268 grammatica
2929 4217 2983 4258 et
3008 4206 3243 4273 propriis
3294 4205 3429 4256 idio-

1873 4302 2131 4363 matibus.
2190 4299 2508 4353 Invenimus
2570 4310 2752 4350 autem
2810 4297 2862 4348 in
2912 4309 3102 4347 eorum
3160 4294 3425 4356 historiis,

1872 4393 2015 4462 quod
2041 4392 2252 4461 repudii
2276 4389 2573 4459 capitulum
2598 4387 2895 4440 excedebat
2924 4386 3219 4453 capilulum
3251 4384 3453 4445 bovis,‘

209 4489 401 4544 μασιν.
430 4470 679 4541 Εὔρομεν
703 4469 759 4523 δὲ
803 4471 861 4521 ὲν
891 4473 1007 4530 ταῖς
1050 4470 1310 4538 ἱστορίαις
1342 4471 1542 4533 αὐτῶν,
1573 4471 1654 4523 ὅτι
1709 4472 1767 4523 τὸ

1872 4485 2013 4555 quod
2050 4484 2283 4553 primum
2319 4482 2371 4534 in
2416 4480 2668 4533 ducentis
2725 4477 2940 4547 triginta
2984 4476 3268 4531 sententiis
3304 4476 3425 4539 fuit,

202 4564 305 4617 τοῦ
334 4564 661 4623 ἀποστασίου
702 4560 994 4629 κεφάλαιον
1040 4560 1361 4630 ὑπερέϐαινε
1382 4577 1399 4592 ο
1423 4561 1483 4613 τὸ
1512 4561 1566 4613 δὲ
1599 4562 1769 4630 me.

202 4651 364 4703 λαιον
394 4652 490 4721 τῆς
530 4650 648 4719 βοὸς
678 4650 738 4702 τὸ
782 4650 994 4720 πρῶτον
1039 4652 1097 4702 ὲν
1144 4650 1446 4713 διακοσίαις
1469 4651 1764 4718 τριάκοντα

203 4738 553 4805 ἀποφάσεσιν
590 4732 677 4808 ἦν,
710 4735 803 4789 νῦν
818 4737 875 4789 δὲ
904 4737 1200 4807 συνέστηκε
1220 4739 1284 4798 τὸ
1309 4740 1427 4791 ὅλον
1454 4741 1515 4791 ἐκ
1544 4740 1766 4793 δώδεκα.

200 4829 350 4884 Φασὶ
372 4829 427 4883 δὲ
450 4829 597 4881 ἄλλοι
623 4830 711 4881 καὶ
732 4828 793 4881 τὸ
817 4827 1104 4895 κεφάλαιον
1144 4830 1239 4896 τῆς
1272 4830 1393 4897 βοὸς
1431 4830 1606 4899 χιλίας
1630 4834 1736 4883 ἀπο
1752 4861 1767 4873 ο

200 4922 406 4990 φάσεις
434 4920 706 4988 περιέχειν
737 4920 885 4985 ποτε,
920 4921 1154 4988 σήμερον
1180 4920 1234 4972 δὲ
1275 4921 1526 4973 τοσοῦτον
1556 4921 1649 4973 καὶ
1685 4923 1767 4974 ἔτι

192 5008 459 5092 διακόσια
498 5006 821 5076 ὀγδοήκοντα
854 5007 1009 5061 ἑπτά.
1055 5006 1381 5078 Ἐμφέρεται
1412 5009 1467 5061 δὲ
1516 5013 1608 5061 καὶ
1640 5011 1768 5077 περί

201 5119 360 5165 τινος
398 5098 622 5154 δυνατοῦ
661 5099 883 5170 ὀνόματι
932 5100 1143 5168 Ἐλγάν,
1194 5101 1275 5152 ὅτι
1314 5101 1529 5167 ἀφεῖλεν
1576 5104 1637 5153 ἐκ
1673 5101 1763 5152 τοῦ

215 5190 548 5263 Ἀλκοράνου
572 5194 892 5263 ὀγδοήκοντα
924 5197 1080 5247 πέντε
1111 5194 1428 5263 ἀποφάσεις,
1460 5197 1549 5247 καὶ
1576 5196 1770 5265 προσέ-

200 5288 382 5355 θηκεν
415 5287 578 5350 ἄλλας
614 5286 877 5349 τοσαύτας
910 5289 984 5349 εἰς
1023 5288 1181 5341 ἄλλον
1219 5288 1415 5339 σκοπὸν
1453 5289 1766 5356 ἀφιιρώσας.

202 5379 338 5442 Πῶς
360 5378 537 5431 τοίνυν
567 5382 712 5432 ἐστὶν
739 5379 958 5448 ἀληθὲς,
987 5378 1119 5447 ὅπερ
1144 5380 1277 5445 φασὶ
1304 5395 1365 5430 πε
1378 5380 1428 5447 ρ).
1457 5378 1549 5430 τοῦ
1586 5378 1770 5431 Ἀλκο-

201 5471 379 5541 ράνου
414 5470 586 5521 είπεῖν
615 5472 708 5522 τὸν
758 5471 908 5535 Θεὸν,
964 5470 1043 5521 ὅτι
1089 5470 1278 5539 Ἡμεῖς
1331 5471 1633 5538 καταϐῆναι
1677 5489 1771 5522 πε-

199 5559 521 5628 ποιήκαμεν
544 5557 641 5627 τὴν
672 5559 994 5628 ἀνάμνησιν,
1027 5561 1115 5611 καὶ
1152 5562 1308 5629 ἡμεῖς
1336 5562 1504 5629 αὐτὴν
1543 5561 1768 5628 φυλάξο-

201 5667 347 5719 μεν;
386 5647 706 5716 Διηγοῦνται
755 5650 812 5702 δέ
850 5666 991 5710 τινες
1041 5648 1222 5701 αὐτῶν
1260 5652 1518 5719 ἱστορίαν,
1565 5654 1636 5713 ώς
1662 5652 1767 5703 τοῦ

199 5739 511 5811 Μιχούμετ
538 5740 811 5809 φαρμάκῳ
843 5741 1235 5805 ἀποθανόντος,
1276 5742 1375 5796 οὐκ
1406 5738 1548 5811 εἶχεν
1586 5744 1615 5794 6
1643 5744 1767 5806 λαὸς

1873 4589 2018 4629 nunc
2045 4582 2224 4626 autem
2274 4580 2445 4625 totum
2494 4569 2853 4623 constitutum
2897 4576 2976 4621 est
3027 4569 3077 4620 in
3116 4566 3423 4619 duodecim.

1872 4666 2068 4718 Dicunt
2116 4670 2300 4713 autem
2346 4660 2457 4721 alii,
2493 4658 2638 4727 quod
2688 4667 2745 4711 et
2775 4658 3072 4725 capitulum
3134 4656 3285 4709 bovis
3327 4656 3426 4708 ali-

1870 4754 2085 4823 quando
2132 4752 2277 4803 mille
2313 4750 2612 4802 sententias
2658 4749 2995 4808 continebat,
3052 4748 3212 4799 hodie
3249 4756 3424 4799 tamen

1869 4844 2142 4911 octoginta
2190 4850 2420 4909 septem.
2464 4839 2727 4893 Referuut
2791 4838 2953 4890 etiam
2988 4846 3042 4889 et
3090 4838 3157 4890 de
3189 4837 3423 4905 quodam

1821 4993 1839 5001 ,
1870 4933 2096 5002 potenti,
2123 4933 2341 4985 nomine
2370 4930 2547 4998 Elgas,
2579 4928 2722 4996 quod
2748 4924 3039 4981 abstulerit
3061 4927 3127 4979 ab
3156 4926 3425 4979 Alcorano

1870 5023 2142 5090 octoginta
2178 5022 2422 5088 quinque
2455 5019 2777 5079 sententi..s,
2814 5023 2871 5067 ct
2899 5016 3108 5068 addidit
3141 5008 3276 5068 alias
3305 5017 3429 5067 toti-

1851 5098 1989 5165 dem
2037 5109 2262 5161 alterius
2295 5122 2507 5161 sensus.
2550 5104 2843 5171 Quomodo-
2878 5105 3045 5173 igitur
3104 5114 3187 5159 est
3236 5118 3422 5155 verum

1870 5202 2013 5272 quod
2034 5201 2224 5253 dicunt
2256 5198 2323 5252 de
2344 5200 2631 5261 Alcorano,
2659 5196 2805 5265 quod
2836 5197 2976 5249 Deus
3005 5195 3169 5248 dicit:
3198 5196 3307 5247 Nos
3336 5194 3429 5248 de-

1872 5291 2132 5349 scendere
2179 5274 2404 5343 fecimus
2444 5289 2822 5350 monitionem,
2854 5294 2910 5339 et
2954 5301 3055 5339 nos
3084 5300 3203 5343 eam
3238 5303 3424 5340 serva-

1871 5382 2089 5436 bimus?
2122 5379 2356 5433 Narrant
2383 5380 2548 5433 etiam
2579 5377 2822 5445 quaedam
2853 5376 3117 5439 historiae,
3148 5376 3289 5443 quod
3324 5376 3426 5427 Ma-

1872 5473 2122 5525 homctus
2168 5486 2385 5525 veneno
2415 5479 2663 5522 mortuus
2705 5476 2807 5527 est,
2842 5482 2943 5521 nec
2978 5467 3167 5519 habuit
3194 5465 3425 5532 pOpulus

1868 5564 2220 5616 Alcoranum.
2268 5560 2401 5613 Cum
2441 5566 2623 5611 autem
2667 5557 3095 5626 Empeumpecer
3121 5556 3426 5624 susciperet

1873 5652 2257 5720 principatum,
2308 5650 2567 5716 praecepit
2612 5655 2671 5701 ut
2705 5649 2936 5717 quilibet
2980 5648 3258 5717 colligeret
3304 5662 3425 5715 qua:

1874 5752 2084 5813 posset:
2112 5750 2163 5794 ct
2202 5741 2302 5793 hoc
2332 5740 2473 5807 quod
2515 5748 2595 5795 est
2647 5757 2756 5811 pra:
2789 5756 2873 5807 ma
2918 5741 3059 5805 ibus,
3095 5740 3423 5795 Alcorauum
