4166 6330
170 327 301 391 11⁵25

1317 313 1613 372 CONTRA
1664 312 1764 371 MA
1775 311 1931 372 ΙΙΟΜ
1945 316 2160 376 ΕΤΕΜ.

3221 315 3358 380 11Ξὸ

160 442 295 507 ξεσι,
321 434 650 507 βιαζόμενοι,
685 430 946 485 εἰσελθεῖν
977 429 1053 492 είς
1086 429 1172 480 τὶν
1202 428 1409 480 διῖπνον
1436 427 1534 493 τῆς
1565 426 1699 495 ἁλη-
1730 444 1746 483 Α

1819 429 2306 493 nonstrationi'hus,
2338 430 2514 484 eoat-ti
2566 430 2621 484 in
2657 430 2967 485 convivium
2998 422 3241 486 veritatis
3276 434 3362 487 in-

157 530 301 589 θεὲας

222 616 440 688 Πρῶτον
478 613 695 682 ζήτημά
717 612 851 674 ἐστι,
901 611 952 661 τί
983 607 1228 677 βούλεται
1274 607 1331 659 τὸ
1387 606 1708 676 ’Λλκορὰνον

155 709 348 773 λέγειν,
381 706 508 756 ὅταν
529 704 853 761 τοσαυτάκις
902 700 1095 769 εἰσάγῃ
1134 700 1225 750 τὸν
1269 698 1400 749 Θεὸν
1422 697 1712 767 πληθυντι-

156 798 262 858 κῶς
292 796 417 864 περὶ
445 792 637 845 ἑαυτοῦ
664 792 1032 856 διαλεγόμενον
1057 805 1071 853 ;
1112 790 1247 857 Φησὶ
1270 788 1379 856 γὰρ
1403 790 1461 841 ὲν
1510 789 1587 854 τῷ
1618 782 1709 839 κέ.

156 884 464 952 φαλαίῳτῷ
496 882 921 947 Ἠλιμττακερᾱμ
971 881 1036 930 ὲκ
1088 878 1376 947 προσώπου
1427 878 1519 929 τοῦ
1550 876 1707 938 Θεοῦ,

159 978 393 1037 Εἰπομεν
457 976 571 1035 τοῖς
620 970 887 1039 ἀγγέλοις,
932 970 1343 1035 Προσκυνήσατε
1386 967 1463 1035 τῷ
1521 967 1710 1035 Ἀδὰμ,

160 1071 249 1117 καὶ
284 1067 350 1117 τὰ
387 1064 567 1117 λοιπά.
603 1064 712 1115 Καὶ
761 1061 915 1111 τοῦτο
949 1062 1085 1128 μετά
1147 1058 1315 1111 ταῦτα
1348 1059 1537 1110 διόλου.
1567 1057 1713 1123 λέγει

162 1156 317 1223 μέχρι
348 1152 440 1204 τοῦ
475 1151 657 1212 τέλους
699 1150 792 1202 τοῦ
848 1150 1075 1218 βιὸλίου,
1134 1148 1261 1199 ποτὲ
1298 1149 1393 1216 μὲν
1425 1148 1715 1215 πληθυντι·

160 1244 266 1303 κῶς
292 1243 418 1307 περὶ
464 1240 597 1292 Θεοῦ
642 1240 1048 1307 διαλεγόμενος,
1084 1236 1211 1288 ποτὲ
1252 1237 1307 1288 δὲ
1349 1236 1557 1297 ἑνικῶς.
1622 1236 1718 1287 Βε-

161 1332 436 1382 ϐαιὸτατον
461 1330 519 1381 δέ
549 1332 662 1397 ἐστι
694 1332 828 1382 πᾶσι
884 1329 1223 1396 Χριστιανοῖς
1278 1328 1373 1379 καὶ
1437 1326 1716 1389 Ἰουδαίοις

161 1424 255 1472 καὶ
317 1420 425 1470 τῶν
479 1419 845 1490 Σαῤῥακηνῶν
898 1421 1009 1479 τοῖς
1064 1419 1206 1486 λόγῳ
1266 1416 1580 1485 χρωμένοις,
1623 1416 1718 1469 ἕνα

161 1506 297 1562 εἶναι
326 1511 415 1561 τὸν
440 1509 595 1574 Θεὸν,
624 1512 715 1561 καὶ
755 1509 915 1577 μόνον
948 1509 1037 1559 καὶ
1088 1506 1313 1569 ἁπλοῦν,
1368 1508 1462 1558 καὶ
1500 1507 1573 1575 μὴ
1626 1506 1717 1557 δύ-

160 1600 354 1655 νασθαι
389 1587 674 1670 ἔχειξτινὰ
699 1602 971 1653 κοινωνόν.
1018 1602 1167 1653 Διατί
1197 1600 1375 1651 τοίνυν
1435 1598 1721 1665 πληθυντι-

161 1693 271 1752 κῶς
298 1691 591 1757 φθέγγεται
626 1692 751 1758 περὶ
797 1691 991 1743 ἑαυτοῦ
1018 1707 1033 1755 ;
1082 1690 1219 1742 Ἀλλ’
1243 1690 1302 1742 οὐ
1353 1689 1603 1739 δύνανται
1631 1687 1719 1739 λέ-

160 1794 278 1847 γείν
310 1780 434 1847 περὶ
465 1780 657 1831 ἑαυτοῦ
684 1784 777 1833 καὶ
808 1780 914 1831 τῶν
944 1779 1187 1845 ἀγγέλων
1216 1778 1311 1830 τὸν
1341 1778 1473 1828 Θεὸν
1512 1777 1717 1843 λέγειν.

162 1874 397 1937 Λέγεται
444 1873 551 1939 γὰρ
588 1873 721 1933 ἐκεῖ,
784 1871 1022 1937 Εἴπομεν
1069 1873 1178 1930 τοῖς
1235 1867 1507 1935 ἀγγέλοις.
1564 1866 1721 1919 Ἐστι

159 1961 568 2028 τοίνυνόλόγος
617 1959 710 2013 τοῦ
754 1960 887 2012 Θεοῦ
948 1952 1120 2025 οὗτος,
1174 1959 1235 2009 οὑ
1286 1960 1411 2023 τῶν,
1453 1960 1719 2025 ἀγγέλων,

160 2053 298 2105 ἀλλὰ
332 2053 464 2122 προς
491 2055 618 2114 τἰυς
638 2053 921 2119 ἀγγέλους.
951 2052 1071 2104 Ἔτι
1102 2053 1160 2102 ἐν
1203 2051 1278 2120 τῷ
1313 2052 1592 2121 κεφαλαίῳ
1642 2050 1720 2118 τῷ

162 2144 270 2195 Σὰδ
292 2143 504 2209 λέγεται
534 2143 612 2193 ὅτι
653 2142 848 2202 πάντες
876 2143 924 2192 oi
946 2140 1163 2206 ἄγγελοι
1199 2141 1612 2209 προσεκύνησαν
1645 2138 1723 2207 τῷ

176 2215 348 2300 Ἀδὰμ
375 2232 513 2299 πλὴν
540 2230 630 2282 τοῦ
658 2229 924 2282 διαόόλου.
955 2229 1127 2281 Πᾶσιν
1152 2228 1260 2299 ἄρα
1314 2232 1425 2292 τοῖς
1476 2230 1725 2297 ἀγγέλοις

163 2312 370 2368 εἶπενὸ
400 2316 550 2379 Θεὸς,
613 2316 1031 2385 Προσκυνήσατε
1082 2302 1403 2384 rip-1651p...
1471 2317 1593 2369 Ἔτι
1666 2319 1725 2368 ὲν

164 2402 381 2462 πολλοῖς
422 2401 606 2461 τόποις
643 2400 737 2453 τοῦ
786 2401 1107 2471 Ἀλκορὰνου
1147 2404 1452 2469 εἰσάγονται
1483 2401 1724 2455 τοιαῦταί

161 2506 313 2551 τινες
385 2490 649 2554 διαλέξεις
705 2490 1087 2557 πληθυντικῶς
1159 2495 1288 2558 περὶ
1340 2493 1433 2545 τοῦ
1487 2493 1619 2543 Θεοῦ
1670 2494 1726 2543 ὲν

162 2582 445 2643 τοιαύταις
492 2582 816 2651 ἐνεργείαις,
861 2582 919 2633 ἐν
963 2577 1050 2644 αἷς
1095 2583 1143 2632 οἱ
1210 2582 1427 2648 ἄγγελοι
1480 2581 1728 2650 οὐδαμῶς

164 2672 247 2740 τῷ
278 2671 396 2739 Θεῷ
424 2671 785 2733 κοινωνοῦσιν,
836 2672 1022 2742 ῶσπερ
1088 2675 1144 2725 ὲν
1173 2677 1237 2740 τῇ
1268 2673 1361 2725 τοῦ
1402 2674 1603 2741 κόσμου
1633 2673 1729 2742 δηι-

168 2758 573 2827 μιουργίᾳ,καὶ
601 2761 666 2827 τῇ
710 2758 990 2811 δικαιώσει
1049 2759 1142 2811 τοῦ
1186 2760 1434 2822 ἀσεϐοῦς.
1500 2760 1729 2826 Λέγεται

165 2849 281 2915 γὰρ
310 2850 367 2901 ἐν
395 2848 666 2912 πλείστοις
715 2850 902 2911 τόποις
958 2851 1054 2901 τοῦ
1112 2849 1465 2918 Ἀλκοράνου,
1538 2851 1727 2917 Ἡμεῖς

167 2940 385 3008 (φησιν)
415 2939 923 3010 ἐδημιουργήσαμεν
947 2941 1036 2993 τὸν
1074 2940 1321 3010 οὐρανὸν,
1355 2940 1451 2993 xui.
1478 2940 1575 3007 τὴν
1603 2940 1728 3007 γῆν,

1813 520 1999 573 troirc.

1884 609 2064 665 Prima
2096 615 2323 680 quaestio
2351 624 2453 678 cst,
2482 614 2619 681 Quid
2654 616 2771 669 vult
2796 615 3123 669 Alcoranum
3157 614 3360 675 dicere,

1812 701 2033 769 quando
2065 703 2227 755 toties
2262 704 2471 757 inducit
2515 705 2682 759 Deum
2738 705 3021 772 pluraliter
3074 707 3141 759 de
3186 708 3364 772 seipsn

1812 792 2121 860 loquentem
2147 793 2169 845 ?
2199 793 2338 845 Dicit
2368 810 2413 846 e:
2440 795 2509 846 im
2551 795 2601 845 iu
2630 796 3017 862 Elimpaccram
3047 810 3111 848 ex
3135 811 3364 863 persona

1814 882 1907 935 Dei
1935 902 1945 935 :
1981 882 2224 938 Diximus
2252 886 2459 952 angelis
2482 884 2709 937 adorare
2737 883 2927 943 Adam,
2959 892 3015 935 et
3044 885 3271 951 reliqua.
3301 885 3365 936 Et

1814 982 1934 1041 post
1968 972 2079 1026 ha-c
2112 989 2205 1040 per
2237 984 2408 1026 totum
2445 974 2579 1025 dicit
2605 989 2773 1040 usque
2807 974 2872 1025 ad
2905 974 3063 1025 linem
3096 974 3239 1038 libri,
3266 973 3367 1025 al;-

1814 1064 2030 1131 quando
2086 1064 2369 1131 pluraliter
2412 1065 2477 1117 de
2514 1063 2623 1117 Deo
2662 1064 2913 1131 loquens.
2950 1063 3237 1129 aliquando
3271 1079 3389 1128 aug

1817 1166 1921 1208 tem
1972 1156 2341 1222 singulariter.
2376 1155 2770 1207 Firmissimum
2812 1156 2957 1207 enim
2988 1164 3072 1207 est
3116 1155 3369 1207 omnibus

1814 1245 2141 1300 Christianis
2186 1255 2235 1298 et
2283 1246 2483 1299 Judacis
2542 1254 2597 1298 et
2648 1245 2955 1307 Saracenis,
3013 1245 3105 1313 qui
3158 1245 3371 1309 ratione

1818 1341 2069 1399 utuntur,
2100 1349 2267 1386 unutn
2297 1349 2416 1388 esse
2445 1335 2638 1397 Deum,
2673 1344 2728 1387 et
2758 1334 2934 1387 solum
2961 1342 3014 1385 et
3045 1333 3365 1400 simplicem.

1817 1434 1872 1478 et
1902 1439 2008 1477 non
2061 1438 2218 1492 posse
2264 1424 2464 1477 habere
2504 1434 2815 1479 consortem
2850 1422 3160 1491 quemdam.
3192 1421 3374 1485 Quare

1820 1515 1986 1583 igitur
2010 1515 2288 1582 pluraliter
2313 1517 2551 1582 loquitur
2575 1515 2640 1569 de
2664 1532 2728 1569 eo
2756 1514 2901 1583 ipso?
2922 1513 2988 1565 Et
3015 1528 3121 1565 non
3145 1521 3372 1579 possunt

1819 1606 2027 1667 dicere,
2056 1605 2199 1673 quod
2230 1605 2632 1672 Deusloquitur
2662 1606 2729 1659 de
2757 1606 2937 1672 seipso
2970 1614 3023 1657 et
3053 1603 3118 1655 de
3140 1604 3366 1671 angelis.

1821 1695 2032 1750 Dicitur
2060 1698 2204 1750 enim
2232 1698 2304 1750 ibi
2333 1716 2346 1750 :
2378 1697 2622 1749 Diximus
2646 1697 2870 1765 angelis.
2907 1697 2999 1747 Est
3029 1696 3190 1763 igitur
3222 1697 3373 1747 locu-

1824 1785 1898 1838 tio
1928 1786 2041 1837 haec
2073 1786 2189 1849 Dei,
2216 1802 2321 1838 non
2355 1786 2695 1853 angelorum,
2729 1786 2823 1838 sed
2871 1784 2935 1838 ad
2973 1786 3212 1850 angelos.
3243 1783 3372 1837 Item

1824 1874 1877 1927 in
1929 1876 2107 1943 capite
2152 1875 2255 1929 Sad
2318 1875 2539 1934 dicitur,
2588 1874 2733 1942 quod
2778 1886 2968 1925 omnes
3014 1873 3378 1925 adoraverunt

1823 1963 2015 2027 Adam,
2053 1976 2252 2031 praeter
2299 1964 2596 2017 diabolum.
2638 1963 2906 2015 Omnibus
2958 1959 3122 2030 igitur
3168 1961 3379 2030 angelis

1823 2054 1960 2107 dixit
2010 2057 2149 2107 Deus
2178 2072 2190 2106 :
2221 2054 2456 2107 Adoratc
2485 2054 2676 2107 Adam.
2726 2053 2857 2106 ltcm
2910 2052 2962 2103 in
3001 2051 3184 2103 multis
3217 2051 3378 2104 Alco.

1825 2144 1940 2195 rani
1970 2143 2103 2197 locis
2130 2144 2461 2197 inducuntur
2492 2144 2626 2196 tales
2651 2143 2899 2209 qua-dam
2933 2140 3237 2193 locutiones
3264 2141 3382 2207 plu-

1800 2234 2011 2287 .raliter
2047 2233 2113 2286 de
2152 2235 2281 2295 Deo,
2312 2234 2365 2285 in
2397 2233 2595 2286 talibus
2627 2232 2938 2285 actionibus
2968 2231 3019 2281 in
3049 2229 3246 2297 quibus
3275 2245 3378 2293 an-

1819 2325 1927 2395 geli
1958 2339 2295 2392 nequaquam
2347 2338 2468 2375 cum
2528 2320 2637 2376 Deo
2692 2320 3121 2384 communicant,
3146 2318 3289 2372 sicut
3321 2319 3378 2371 in

1827 2394 2103 2468 creatione
2153 2412 2341 2466 mundi
2392 2422 2448 2465 et
2492 2410 2880 2481 justiﬁeatione
2929 2410 3107 2478 impii.
3176 2394 3386 2461 Dicitur

1832 2504 1979 2558 enim
2015 2504 2067 2555 in
2106 2504 2355 2571 pluribus
2386 2502 2517 2555 locis
2544 2497 2797 2554 Alcorani
2825 2517 2838 2550 :
2872 2500 3004 2561 Nos,
3041 2499 3194 2558 dicit.
3226 2513 3384 2553 crcu-

1827 2595 2006 2648 vimus
2061 2594 2253 2648 ccelum
2300 2600 2354 2644 et
2387 2600 2602 2653 terram,
2632 2598 2688 2643 et
2720 2604 2838 2657 qua:
2879 2595 3003 2641 sunt
3058 2588 3111 2641 in
3180 2587 3385 2646 medio.

1827 2694 1882 2739 et
1920 2698 2027 2736 non
2092 2683 2359 2736 incassum
2418 2678 2779 2747 judicavimus
2828 2677 3126 2741 hominem,
3179 2685 3234 2728 ct
3283 2689 3387 2728 nos

1830 2776 2075 2830 misimus
2131 2774 2300 2827 lilium
2360 2771 2559 2847 δεδι-ἰοὶ,
2614 2758 2959 2847 ειέάοιῆἱωιιε
3018 2767 3068 2821 ei
3123 2767 3383 2835 Spiritum

1831 2878 2078 2924 sanctum
2109 2875 2164 2920 et
2196 2843 2572 2931 Evangelium,
2598 2869 2671 2919 et.
2693 2843 2977 2921 miracula,
3005 2866 3060 2910 ct
3088 2856 3209 2910 talia
3240 2873 3388 2925 qutu-

1831 2960 1955 3014 dam
1987 2959 2041 3011 in
2068 2956 2269 3025 quibus
2307 2952 2482 3022 angeli
2516 2965 2858 3020 nequaquam
2890 2958 3120 3018 possunt
3145 2963 3391 3001 commn-

170 3029 271 3077 καὶ
303 3026 370 3077 τὰ
413 3026 613 3093 μεταξῦ
634 3028 694 3079 οὐ
726 3028 1034 3095 παρέργως⁹
1074 3028 1169 3079 καὶ
1206 3029 1365 3096 ἡμεῖς
1411 3027 1728 3080 ἐδικαιώσα-

1840 3049 2017 3109 njcare
2058 3061 2179 3099 cum
2226 3042 2355 3095 Deo.
2389 3040 2579 3109 Angcli
2632 3038 2779 3091 enim
2819 3036 2989 3092 creati
3036 3046 3163 3089 sunt
3193 3052 3221 3088 a
3255 3036 3384 3095 Deo.

173 3131 282 3181 μεν
314 3118 402 3166 τὸν
456 3114 759 3182 ἄνθρωπον,
819 3117 911 3167 καὶ
948 3118 1106 3185 ἡμεῖς
1164 3116 1583 3183 ἀπεστάλκαμεν
1640 3113 1745 3166 τὸν

170 3203 293 3256 υἱον
346 3206 444 3275 τῆς
490 3207 876 3275 Μιρίαέ,-καὶ
938 3206 1245 3275 δεδώκαμεν
1305 3207 1451 3273 αὐτῷ
1512 3205 1733 3275 Πνεῦμα.

169 3294 355 3360 ἇγιον,
380 3294 472 3344 xui.
510 3296 570 3345 τὸ
622 3294 970 3361 Εὑαγγέλιον,
993 3295 1088 3345 καὶ
1125 3294 1398 3362 θαύματα,
1432 3295 1527 3346 καὶ
1554 3294 1733 3346 τοιαῦ-

172 3387 248 3438 τά
286 3401 411 3436 τινα
444 3388 499 3437 ἐν
530 3380 608 3445 οἷς
627 3386 674 3435 οί
701 3384 924 3452 ἄγγελοι
954 3384 1203 3454 οὐδαμῶς
1252 3383 1507 3435 δύνανται
1546 3399 1733 3435 κοινω-

171 3477 300 3527 νεῖν
337 3477 412 3544 τῷ
440 3476 580 3543 Θεῷ.
613 3476 675 3526 Οί
701 3477 808 3543 γὰρ
833 3475 1050 3544 ἄγγελοι
1077 3475 1584 3545 ὲδημιουργήθησαν
1631 3476 1736 3529 ὑπὸ

170 3570 277 3620 τοῦ
308 3568 465 3630 Θεοῦ,
524 3569 636 3618 ἀλλ’
667 3568 726 3619 οὐ
780 3567 1281 3637 συνδημιουργοῦσι
1345 3570 1421 3637 τῷ
1472 3568 1597 3637 Θεῷ
1646 3570 1736 3622 τὸν

170 3661 415 3729 οὐρανὸν
436 3664 528 3712 καὶ
554 3659 651 3728 τὴν
675 3660 793 3728 γῆν,
828 3659 920 3711 καὶ
949 3661 1015 3711 τὰ
1059 3658 1285 3728 μεταξύ.
1334 3661 1440 3711 Καὶ
1472 3660 1532 3711 οὐ
1552 3659 1738 3711 δύναν-

172 3770 277 3804 ται
302 3752 479 3819 λέγ.ιν
505 3753 553 3802 οἱ
581 3750 941 3818 Σαρῤακηνοὶ,
976 3749 1049 3813 ὡς
1082 3753 1115 3819 ἡ
1165 3750 1501 3819 πληθυντικὴ
1558 3752 1740 3819 ἐκείνη

172 3843 345 3912 φωνὴ
363 3847 510 3913 φωνή
536 3848 648 3893 ἐστι
671 3840 762 3893 τοῦ
798 3841 1004 3911 Θεοῦ,ἢ
1030 3842 1178 3912 φωνὴ
1195 3842 1327 3894 Θεοῦ
1349 3846 1437 3896 καί
1464 3860 1604 3906 τινος
1631 3843 1744 3895 ἑτέ-

176 3950 291 4003 ρου
311 3933 403 3985 νοῦ
421 3932 853 4000 ὑπερσεσηκότος
882 3932 1120 3994 κτιστοῦ,
1150 3931 1217 3985 δι’
1246 3924 1306 3984 οὗ
1326 3936 1498 3988 πάντα
1524 3934 1746 4001 πεποίη-

178 4040 289 4075 κεν
317 4025 346 4075 ὁ
382 4022 536 4085 Θεὸς,
565 4020 638 4083 ὥς
667 4038 818 4089 φασι.
856 4023 1022 4091 Δῆλον
1046 4024 1173 4091 γὰρ,
1203 4023 1283 4074 ὅτι
1322 4024 1429 4074 πᾶν
1462 4021 1593 4089 ὅπερ
1610 4022 1681 4075 ἂν

176 4124 347 4185 παρίι
372 4120 461 4167 τὴν
494 4116 623 4166 Θεὸν
658 4117 861 4183 κτίσμα
899 4115 1035 4178 ἐστὶ,
1086 4116 1181 4167 καὶ
1219 4114 1367 4167 οὐδὲν
1431 4117 1634 4183 κτίσμα
1655 4114 1745 4167 δύ-

178 4224 354 4259 ναται
387 4204 929 4275 συνδιιμιουργεῖντῴ
979 4204 1118 4272 Θεῷ.
1144 4205 1264 4257 Ἔτι
1289 4205 1351 4256 οὐ
1382 4192 1604 4258 δυνατὸν
1660 4206 1745 4256 λέο

176 4316 316 4366 γειν
343 4296 721 4365 πληθυντικῶς
750 4298 838 4348 τὸν
862 4297 993 4348 Θεὸν
1032 4295 1373 4362 διαλέγεσθαι
1411 4295 1500 4348 διὰ
1540 4297 1661 4358 τὰς
1690 4296 1746 4348 ὲν

1838 3137 1931 3193 sed
1974 3151 2079 3189 non
2115 3134 2276 3188 simul
2316 3141 2505 3185 creant
2549 3144 2672 3182 cum
2708 3128 2818 3183 Deo
2853 3128 3050 3182 cadum
3082 3135 3136 3179 et
3170 3135 3393 3190 terram,

1798 3296 1803 3303 ί
1832 3238 1893 3282 et
1920 3242 2039 3295 qua:
2077 3233 2205 3279 sunt
2243 3224 2298 3276 iu
2333 3221 2534 3277 medio.
2569 3220 2636 3273 Et
2663 3236 2770 3273 non
2805 3225 3031 3288 possunt
3069 3218 3250 3269 direre
3294 3216 3393 3270 Sa-

1841 3316 2045 3377 raceni,
2077 3314 2218 3383 quod
2253 3312 2477 3382 pluralis
2506 3309 2594 3362 illa
2627 3325 2729 3362 vox
2760 3319 2846 3362 est
2878 3308 2993 3372 Dei,
3023 3317 3078 3361 et
3105 3306 3387 3375 cujusdam

1839 3406 2063 3460 alterius
2104 3402 2413 3457 intellectus
2435 3400 2526 3469 qui
2558 3399 2774 3453 excedit
2803 3408 3069 3460 creatum,
3101 3412 3196 3466 per
3227 3413 3392 3465 quem

1842 3498 1970 3551 fecit
1993 3495 2174 3548 omnia
2203 3492 2364 3547 Deus.
2398 3493 2624 3545 Constat
2646 3491 2815 3554 cnim,
2844 3488 2986 3558 quod
3019 3486 3280 3557 quidquid
3310 3494 3397 3539 est

1842 3596 2039 3657 praeter
2072 3584 2263 3655 Deum,
2304 3591 2554 3636 creatura
2601 3590 2706 3642 est,
2740 3562 2795 3634 et
2842 3595 2872 3632 a
2913 3579 3021 3632 Deo
3046 3589 3313 3641 creatum,
3341 3587 3393 3629 ot

1844 3675 1989 3729 nulla
2020 3686 2268 3727 creatura
2296 3679 2470 3738 potest
2501 3684 2620 3723 esse
2639 3668 2811 3739 simul
2839 3666 3070 3720 creatrix
3103 3681 3225 3719 cum
3262 3663 3395 3716 Deo.

1845 3766 1977 3821 ltem
2009 3781 2115 3818 non
2139 3763 2394 3832 possibile
2430 3772 2514 3817 est
2541 3760 2745 3835 dicere,
2776 3759 2918 3827 quod
2946 3759 3087 3812 Deus
3119 3757 3399 3825 pluraliter

1846 3854 2091 3923 loquitur
2116 3861 2336 3920 propter
2361 3850 2604 3903 diversas
2624 3865 2745 3917 quae
2769 3849 2823 3902 in
2848 3863 2914 3902 eo
2936 3856 3061 3899 sunt
3085 3847 3394 3915 qualitates.

1848 3945 1989 3998 sicut
2037 3950 2122 3995 est
2166 3940 2427 4009 potentia.
2464 3940 2751 4007 sapientia,
2777 3937 2988 4008 justitia
3019 3945 3073 3989 et
3125 3936 3249 3989 talia
3278 3951 3399 4006 qua:

1848 4035 2052 4089 Arabes
2080 4042 2274 4087 vocant
2324 4030 2549 4100 Saphat.
2585 4030 2705 4083 llaec
2748 4034 2890 4083 enim
2941 4044 3047 4082 non
3097 4028 3399 4082 accidentia

1850 4135 1978 4179 sunt
2034 4126 2087 4177 in
2125 4123 2251 4187 Deo,
2286 4136 2463 4190 neque
2505 4120 2841 4191 dilferentia,
2878 4118 2972 4172 sed
3009 4130 3137 4173 sunt
3183 4120 3236 4171 in
3283 4118 3400 4186 ipsa

1851 4216 2033 4272 divina
2061 4215 2321 4269 essentia.
2354 4212 2506 4268 Unde
2539 4213 2594 4266 in
2642 4212 2752 4267 Deo
2800 4213 3001 4267 nullam
3046 4212 3401 4279 compositioo

1853 4308 1976 4357 nem
2018 4318 2118 4357 nec
2153 4303 2517 4371 pluralitatem
2548 4302 2773 4365 faciunt,
2804 4312 2861 4354 ut
2892 4318 3001 4369 per“
3031 4302 3120 4355 illa
3164 4301 3305 4355 Deus
3334 4299 3405 4354 de

174 4390 346 4460 αὐτῷ
374 4389 661 4457 διαφόρους
706 4389 1011 4457 ποιότητας,
1040 4379 1171 4440 ὀἷον
1231 4388 1477 4457 δύναμιν,
1538 4388 1746 4455 σοφίαν,

1819 4394 2031 4465 ἐεἱρεο
2076 4394 2360 4461 pluraliter
2410 4395 2685 4462 quuatur.
2739 4394 2881 4460 Quin
2932 4396 3039 4449 imo
3082 4411 3178 4449 nec
3218 4397 3401 4458 homo,

175 4482 565 4545 δικαιοσύνην,
589 4479 681 4533 καὶ
728 4480 797 4530 τὰ
827 4478 1059 4543 τοιαῦτα,
1095 4477 1130 4531 ἆ
1174 4481 1223 4531 oi
1260 4479 1491 4547 ’Ἄραϐες
1534 4479 1752 4533 καλοῦσι

179 4558 372 4645 carpi.
406 4562 586 4628 Ταῦτα
614 4573 719 4642 γὰρ
752 4571 811 4623 οὑ
848 4572 1226 4641 συμόεὸηκότα
1257 4573 1393 4622 εἰσιν
1417 4574 1474 4623 ὲν
1503 4571 1577 4641 τῷ
1615 4571 1754 4640 Θεῷ,

175 4670 323 4725 οὔτε
354 4668 600 4734 διάφορα,
632 4664 743 4718 ἀλλ’
773 4667 911 4719 εἰσὶν
933 4666 1069 4735 αὑτὴ
1109 4668 1140 4735 ή
1166 4666 1282 4718 θεία
1318 4666 1493 4719 οὐσία.
1519 4667 1676 4719 Ὅθεν
1703 4671 1756 4719 ἐν

176 4764 269 4833 τῷ
316 4760 434 4827 Θεῷ
461 4759 578 4811 οὺδὶ
606 4759 737 4827 μίαν
764 4757 1007 4810 σύνθεσιν
1035 4757 1067 4825 ἦ
1092 4756 1293 4825 πλῆθος
1330 4757 1759 4821 ποιοῦσινμῶστε

174 4856 287 4908 διὰ
320 4851 491 4904 ταῦτα
521 4848 612 4901 τὸν
648 4847 781 4901 Θεὸν
819 4848 1196 4917 πληθυντικῶξ
1211 4846 1567 4914 διαλέγεσθαι.
1599 4848 1756 4903 Μᾶλ-

119 4990 136 4997 -
176 4950 287 4996 λον
349 4941 447 5011 μὲν
483 4938 573 4991 οῦν
640 4938 1055 5010 οὔτ’ἄνθρωπος
1106 4938 1465 5007 οὔτ’ἄγγελος
1523 4939 1608 4990 διὰ
1657 4938 1753 5007 τὴν

176 5035 407 5089 τούτων
432 5031 690 5101 διαφορὰν
711 5030 930 5085 δύναται
974 5034 1102 5099 περὶ
1150 5030 1339 5083 ἑαυτοῦ
1384 5030 1755 5102 πληθυντικῶς

176 5112 405 5192 λέγειν*
440 5124 610 5175 καίτοι
638 5122 807 5175 ταῦτα
829 5123 885 5174 ὲν
917 5122 993 5191 τῷ
1027 5122 1241 5192 ἀγγέλῳ
1262 5123 1355 5173 καὶ
1393 5122 1467 5190 τῷ
1497 5123 1766 5192 ἀνθρώπῳ

180 5212 592 5285 σ’δμδεῦηκότα
658 5212 782 5276 εἰσὶ,
836 5212 924 5263 καί
972 5229 1092 5265 τινα
1145 5212 1387 5265 σύνθεσιν
1455 5214 1509 5263 ὲν
1559 5211 1767 5273 τούτοις

180 5304 443 5361 ποιοῦσι.
480 5304 584 5356 Καὶ
616 5306 802 5370 ὅντως,
841 5308 920 5359 ὅτι
966 5300 1115 5370 οὗτος
1164 5305 1259 5375 τῆς
1318 5305 1599 5371 διαλέξεως
1645 5305 1768 5373 τρό-

178 5417 331 5463 πος,
378 5398 438 5448 τὸ
478 5397 569 5448 τὶεν
605 5396 735 5449 Θεὸν
785 5398 1021 5467 δηλονότι
1080 5398 1175 5451 ἕνα
1231 5397 1356 5449 ὄντα
1400 5397 1767 5466 πληθυντικῶς

181 5491 343 5560 περὶ
390 5484 985 5552 ἑαυτοῦβιαλέγεσθαι,
1034 5486 1178 5551 ἆπςξ
1230 5488 1331 5539 ὑπὸ
1386 5486 1478 5537 τοῦ
1530 5488 1768 5548 Μωσέως

271 5666 331 5699 ⁸⁸
370 5663 503 5720 Gen.
533 5677 571 5730 t,
601 5633 690 5718 εὖ.
720 5687 725 5705 τ

1852 4502 1953 4540 nec
1977 4487 2200 4554 angelus
2232 4492 2453 4553 propter
2481 4499 2671 4539 eorum
2733 4484 3098 4538 dill'erentiam
3131 4493 3307 4552 potest
3334 4488 3407 4541 de

1855 4579 2036 4646 seipso
2082 4576 2365 4645 pluraliter
2410 4574 2583 4644 loqui,
2639 4575 2741 4627 etsi
2798 4574 2912 4627 hmc
2957 4574 3009 4626 in
3075 4574 3290 4627 homine
3348 4587 3407 4629 et

1859 4668 2049 4737 angelo
2078 4666 2379 4720 accidentia
2404 4675 2552 4728 sunt,
2580 4675 2636 4719 ct
2669 4664 2959 4733 quamdam
2987 4664 3041 4716 in
3071 4662 3157 4718 his
3186 4655 3408 4733 compo-

1864 4762 2114 4816 sitionem
2162 4756 2388 4811 l'aciunt.
2437 4754 2505 4808 Et
2536 4768 2662 4807 vere
2699 4754 2821 4806 talis
2867 4752 3160 4807 locutionis
3193 4755 3405 4815 modus,
3442 4800 3445 4803 .

1859 4855 2028 4908 Deum
2084 4851 2331 4905 videlicet
2378 4865 2545 4902 unum
2597 4847 2947 4901 exsistentetn
2997 4846 3277 4915 pluraliter
3340 4846 3410 4899 de

1859 4947 2038 5013 seipso
2085 4940 2255 5010 loqui.
2285 4939 2453 4996 semel
2501 4954 2529 4991 a
2581 4938 2761 5009 Moyse
2814 4939 3090 4992 invenitur
3128 4940 3180 4989 in
3211 4937 3409 4993 Genesi

1860 5036 2061 5089 illatus.
2098 5018 2519 5087 informatione
2572 5031 2719 5083 enim
2772 5030 3011 5085 hominis
3067 5030 3283 5083 locutus
3329 5039 3411 5081 est

1867 5124 2031 5187 Deus,
2065 5123 2252 5178 dicens
2280 5138 2293 5174 :
2330 5140 2348 5172 ι
2384 5121 2663 5175 Faciamus
2694 5122 2967 5174 hominem
3022 5119 3088 5172 ad
3121 5118 3407 5187 imaginem

1865 5215 2182 5268 nostram".
2212 5231 2228 5264 ι
2250 5212 2401 5277 Quod
2432 5212 2621 5265 dicunt
2648 5210 2840 5273 Judazi,
2868 5224 3053 5264 vocem
3079 5223 3197 5263 esse
3221 5207 3313 5262 Dei
3342 5209 3411 5262 ad

1863 5303 2102 5373 angelos.
2120 5301 2273 5366 Quod
2310 5302 2524 5371 quidem
2553 5310 2632 5353 est
2666 5298 2998 5351 contrarium
3034 5296 3233 5350 divinat
3264 5297 3413 5349 Scri-

1867 5406 2186 5465 pturm,qu:e
2210 5408 2485 5461 nunquam
2517 5390 2648 5443 dicit
2674 5388 2923 5457 angelum
2949 5384 3250 5441 secundum
3283 5386 3416 5438 inta-

1860 5478 2042 5557 giuem
2071 5485 2304 5539 hominis
2330 5484 2614 5540 formatum
2655 5496 2799 5547 esse,
2823 5480 2918 5536 scd
2949 5477 3252 5535 secundum
3285 5478 3417 5530 ima-
