4166 6330
264 477 401 549 U33

1436 488 1729 553 CONTRA
1766 482 2268 550 MAHOMETEM.

3338 483 3470 545 H34

259 590 483 662 Πνεῦμα
505 589 688 655 αὑτοῦ,
716 593 773 658 ἐξ
790 585 849 645 οὗ
880 594 1124 661 γενέσθαι
1158 596 1243 647 τὸν
1267 597 1493 664 Χριστῦν
1514 614 1527 627 ·
1558 595 1645 649 καὶ
1670 591 1809 661 μετὰ

1922 588 2121 657 telligit,
2156 600 2329 654 neque
2361 585 2552 653 spirat.
2587 584 2738 639 Nunc
2770 595 2951 640 autem
2976 586 3116 641 Deus
3148 598 3355 654 noster,
3379 593 3471 659 qni

257 682 434 734 ταῦτα
463 681 625 735 πάλιν
651 682 915 746 δοξάζειν,
938 683 1013 746 ὡς
1043 684 1133 738 τὸν
1171 685 1335 753 ’Λὸἂλι
1366 685 1525 739 αὑτὸν
1556 680 1720 746 εἷναι,
1748 681 1809 733 ὃν

256 771 493 822 ἔπλασεν
520 772 584 823 ὲκ
612 772 707 837 τῆς
739 776 876 841 γῆςς
922 773 1259 842 ’Λσύμϐατον
1299 773 1569 835 παντελῶς
1598 772 1692 825 τὸν
1713 772 1811 827 Λό-

256 878 356 927 γον
385 863 478 915 τοῦ
523 862 655 915 Θεοῦ
688 866 782 917 καὶ
819 867 878 918 τὸ
932 866 1151 936 Πνεῦμα
1185 866 1351 919 αὑτοῦ
1401 863 1524 934 χοῦν
1551 859 1726 918 εἷναιο
1762 865 1810 916 ει

258 954 337 1022 μή
369 969 471 1004 που
502 954 600 1024 τὴν
624 956 715 1007 τοῦ
752 955 887 1007 Θεοῦ
920 956 1083 1025 φύσιν
1135 956 1263 1026 χοῦν
1295 955 1642 1025 ύποθώμεθα,
1672 956 1811 1025 ὅπερ

255 1046 449 1115 ἀπείη.
476 1042 587 1098 Ἦν
635 1047 745 1117 γὰρ
776 1048 841 1100 ἂν
888 1050 916 1101 ὁ
943 1040 1117 1118 Λόγος
1166 1048 1331 1103 αὑτοῦ
1357 1050 1450 1103 καὶ
1480 1048 1541 1100 τὸ
1586 1048 1812 1118 Πνεῦμα

255 1136 423 1189 αὑτοῦ
460 1136 645 1208 ὥσπερ
679 1156 760 1201 τις
792 1139 1033 1209 ἀνδριὰς,
1067 1142 1206 1211 μήτε
1237 1138 1393 1204 νοῶν,
1428 1140 1561 1209 μήτε
1611 1139 1812 1192 πνέων.

259 1225 376 1278 Νῦν
412 1227 469 1279 δὲ
500 1227 527 1279 ὀ
556 1226 687 1291 Θεὸς
714 1228 889 1298 ήμῶν,
925 1230 982 1292 ὅς
1003 1230 1152 1284 ἐστιν
1178 1228 1537 1297 εὐλογημένος
1570 1229 1651 1291 εὶς
1686 1228 1811 1291 τοὺς

256 1317 487 1379 αίῶνας,
514 1318 618 1387 ὁρᾷ
650 1320 743 1373 καὶ
770 1317 960 1373 ἀκούει
1006 1319 1198 1383 πάντα,
1229 1319 1322 1373 καὶ
1365 1317 1482 1387 ἔχει
1514 1317 1687 1385 Λόγον
1720 1334 1812 1371 σε·

259 1411 614 1477 σαρκωμένον
640 1411 703 1463 ἐκ
732 1410 829 1479 τῆς
859 1412 1019 1480 ἁγίας
1041 1411 1335 1481 Παρθένου,
1369 1412 1460 1463 καὶ
1494 1409 1715 1479 Πνεῦμα
1744 1414 1810 1481 τῇ

262 1499 524 1569 Παρθένῳ
553 1501 902 1566 ἐπισκιὰσαν,
927 1503 1023 1556 καὶ
1052 1501 1147 1569 τὴν
1176 1501 1473 1572 ἀνδρότητα
1512 1501 1605 1555 τοῦ
1632 1504 1811 1570 Λόγου

258 1585 575 1655 πληρώσαν.
610 1588 673 1653 Et
711 1588 756 1640 δ’
793 1583 1266 1659 ὑπολαμϐάνουσιν
1298 1590 1499 1659 ὁμοίως
1524 1592 1619 1644 καὶ
1649 1592 1707 1646 ἑν
1734 1586 1814 1662 τῷ

267 1676 442 1744 ’Λδὰμ
469 1677 559 1728 τόν
594 1668 657 1729 τε
687 1678 859 1746 Λόγον
886 1677 978 1731 τοῦ
1018 1676 1153 1731 Θεοῦ
1184 1680 1277 1731 καὶ
1308 1682 1368 1731 τὸ
1412 1679 1637 1751 Πνεῦμα
1658 1682 1813 1749 γενέ.⁹

256 1767 406 1831 σθαι,
433 1760 549 1821 an?
577 1768 677 1821 οὑκ
699 1767 1049 1837 ἐκφεύξονται
1079 1770 1169 1823 τοῦ
1210 1769 1438 1839 ψεύδους
1471 1772 1531 1823 τὸ
1558 1771 1809 1840 φανερόν.

247 1859 321 1911 -Ι-Σί
348 1860 452 1928 γὰρ
475 1861 504 1910 ὁ
536 1860 705 1927 Λόγος
743 1860 835 1912 τοῦ
866 1860 1000 1913 Θεοῦ
1031 1863 1098 1931 τῇ
1134 1863 1297 1932 σαρκὶ
1323 1865 1415 1914 καὶ
1444 1862 1528 1931 τῷ
1567 1861 1652 1931 χοῖ
1680 1861 1815 1914 ἐκεί·

1914 686 1996 729 est
2028 675 2348 729 benedictus
2385 675 2438 725 in
2470 674 2684 733 Saecula,
2719 674 2866 728 videt
2908 683 2964 728 et
2994 675 3145 729 audit
3188 678 3389 745 omnia,
3420 690 3477 733 et

1919 766 2081 820 habet
2138 765 2374 819 Verbum
2424 763 2764 817 iucarnatum
2818 778 2886 819 ex
2936 766 3100 819 Maria
3155 768 3391 835 Virgine,
3422 782 3477 823 et

1914 857 2175 926 Spiritum
2209 864 2453 909 sanctum
2485 856 2575 921 qui
2606 869 2723 905 eam
2756 855 3196 919 obumbravit,et
3225 858 3471 913 lnnnaniv

1916 956 2077 1002 tatem
2108 948 2269 1001 Verbi
2313 946 2649 1015 adimplevit.
2682 944 2738 999 Si
2769 955 2952 998 autem
2995 947 3308 1001 existimant
3334 959 3387 1002 et
3421 952 3475 1004 in

1918 1037 2083 1094 Adam
2106 1038 2337 1093 Verbum
2372 1037 2468 1092 Dei
2493 1046 2543 1090 et
2573 1035 2834 1105 Spiritum
2866 1035 3056 1102 fuisse,
3078 1053 3185 1091 non
3215 1038 3478 1108 cﬂ‘ugient

1916 1128 2264 1183 manifestum
2296 1127 2662 1182 mendacium.
2695 1126 2751 1182 Si
2782 1127 2924 1181 enim
2958 1128 3196 1182 Verbum
3227 1129 3321 1184 Dei
3353 1148 3476 1187 cum

1914 1233 2078 1275 carne
2113 1228 2170 1273 et
2208 1228 2352 1274 terra
2401 1218 2550 1273 illius
2586 1222 2798 1273 unitum
2823 1227 2992 1285 esset,
3020 1229 3075 1273 et
3105 1218 3345 1291 Spiritus
3393 1240 3480 1293 re-

1916 1309 2172 1381 plevisset
2210 1309 2408 1372 Adam,
2453 1325 2729 1378 nunquam
2760 1309 3014 1379 decipere
3045 1312 3309 1379 poluiSSet
3330 1314 3481 1367 illum

1917 1403 2165 1465 Satanas,
2189 1403 2274 1456 vel
2302 1402 2607 1456 fefellisset.
2625 1402 2803 1456 Verbo
2831 1413 3011 1455 tamen
3044 1420 3145 1457 suo
3173 1404 3307 1457 dixit
3339 1404 3481 1462 Deus

1918 1495 2081 1550 Adae:
2131 1497 2281 1558 Esto,
2334 1495 2436 1549 hoc
2480 1494 2672 1548 eodem
2716 1494 2882 1547 verln
2950 1510 3059 1563 quo
3105 1497 3232 1551 fecit
3279 1501 3483 1563 omnia,

1914 1587 2057 1655 quod
2094 1585 2311 1655 quidem
2354 1587 2421 1639 ab
2481 1594 2688 1638 aeterno
2730 1597 2851 1639 erat
2897 1586 3037 1654 apud
3071 1586 3262 1641 Deum.
3296 1587 3484 1657 Itaque

1914 1676 2165 1733 Christus
2211 1693 2376 1731 Verus
2423 1687 2507 1731 est
2554 1678 2694 1731 Deus
2738 1686 2793 1739 et
2837 1677 3073 1732 Verbum
3132 1679 3249 1734 Dei.
3294 1681 3480 1749 Neque

1914 1770 2060 1823 enim
2092 1769 2327 1823 Verbum
2365 1768 2459 1821 Dei
2496 1769 2676 1822 minus
2705 1779 2790 1822 est
2826 1784 2987 1837 quam
3026 1780 3169 1824 totus
3203 1771 3360 1826 Deus.
3389 1773 3484 1827 Est

1916 1860 2081 1913 etiam
2116 1860 2490 1938 homo'verus,
2519 1875 2584 1913 ex
2616 1859 2831 1928 Virgine
2870 1860 3033 1913 Maria
3067 1863 3310 1929 genitus;
3339 1874 3394 1917 et
3427 1865 3479 1917 in

250 1970 346 2005 vov
381 1952 580 2021 ἧνωτο,
615 1954 709 2004 καὶ
738 1950 797 2004 τὸ
832 1951 1055 2020 Πνεῦμα
1100 1947 1219 2005 τοῦ’
1234 1952 1369 2005 Θεοῦ
1409 1953 1693 2022 ἐπλήρωσε
1722 1954 1812 2006 τὸν

1922 1962 2180 2024 quantum
2234 1942 2419 2015 homo,
2463 1961 2517 2004 et
2551 1952 2831 2020 apostolus
2869 1962 2951 2006 est
2986 1953 3103 2016 Dei,
3135 1964 3189 2007 et
3217 1956 3480 2024 propheta

263 2042 459 2109 rasae.
487 2041 732 2093 οὐδέποτ’
759 2040 824 2093 ἂν
852 2041 1133 2110 ἠπάτησεν
1184 2044 1389 2095 ἐκεῖνον
1416 2044 1447 2094 ὁ
1483 2045 1747 2111 Σατανᾶς,
1777 2043 1809 2113 ἢ

250 2131 552 2184 κατέϐαλεν
579 2147 595 2162 ο
631 2131 708 2200 τῷ
734 2131 789 2184 δὲ
821 2133 977 2201 Λόγῳ
1006 2132 1172 2184 αὐτοῦ
1222 2128 1371 2186 εἶπεν
1396 2135 1422 2185 ὀ
1451 2132 1581 2196 Θεὸς
1611 2133 1688 2203 τῷ
1730 2134 1814 2186 ’Λ-

247 2225 389 2293 asp,
420 2226 570 2295 Ἔσο,
602 2217 645 2292 ᾧ
701 2225 877 2279 πάντα
911 2226 1201 2295 πεποίηκε,
1258 2228 1351 2278 καὶ
1380 2224 1437 2287 ὃς
1474 2226 1533 2291 ἐξ
1555 2227 1724 2278 ἀϊδίου
1747 2220 1814 2294 ἦν

251 2321 390 2387 παρ’
441 2317 609 2387 αὐτῷ.
642 2318 797 2370 Ἐστι
846 2318 1026 2371 τοίνυν
1074 2318 1102 2370 ό
1157 2316 1386 2386 Χριστὸς
1408 2305 1546 2379 ’Θεὸς
1582 2312 1812 2384 ἆληθὴς,

250 2410 382 2463 ἐπεὶ
409 2410 503 2462 καὶ
531 2411 702 2476 Λόγος
727 2407 883 2461 Θεοῦ.
917 2408 991 2462 Οὐ
1022 2407 1131 2477 γάρ
1152 2408 1267 2460 ἐστι
1294 2407 1533 2460 ἐλάττων
1556 2408 1650 2458 τοῦ
1678 2407 1814 2458 Θεοῦ

246 2498 281 2549 ὁ
324 2498 491 2565 Λόγος
529 2496 721 2549 αὐτοῦ.
750 2497 904 2549 Ἔστι
954 2496 1011 2549 δὲ
1048 2496 1142 2549 καὶ
1187 2494 1473 2564 ἄνθρωπος
1515 2495 1719 2565 ἀληθὴς
1753 2496 1817 2548 ὲκ

247 2592 355 2659 τῆς
414 2589 687 2659 Παρθένου
722 2588 944 2657 Μαρίας
996 2588 1413 2656 γεγεννημένος,
1450 2586 1543 2639 καὶ
1586 2585 1817 2638 καθόσυν

248 2679 541 2749 ἅνθρωπος
592 2679 685 2731 καὶ
718 2677 1011 2738 ἀπόστολος
1042 2678 1157 2729 ἐστι
1183 2677 1277 2729 τοῦ
1309 2676 1465 2737 Θεοῦ,
1494 2676 1588 2728 καὶ
1614 2677 1819 2745 προφή-

248 2788 360 2839 της
389 2767 554 2821 αὑτοῦ
600 2770 692 2821 καὶ
719 2768 922 2831 δοῦλος.
959 2768 1069 2821 Καὶ
1105 2768 1229 2821 ὅσον
1261 2768 1398 2833 πρὸς
1436 2768 1592 2820 τοῦτο
1639 2769 1819 2831 καλῶς

250 2875 394 2927 φησι
424 2859 482 2910 τὸ
504 2858 824 2928 ’Λλκοράνον
849 2860 906 2909 ἐν
930 2856 1009 2927 τῷ
1035 2857 1314 2928 κεφαλαίῳ
1370 2866 1433 2927 λῳ
1468 2857 1712 2925 Ἑλνεσᾶ,
1739 2861 1820 2913 ὅτι

253 2949 385 3002 οὔτε
418 2953 446 3003 ὁ
503 2951 760 3020 Χριστὸς,
788 2949 911 3003 οὔτε
940 2951 991 3001 οἱ
1034 2950 1214 3003 πιστοὶ
1249 2950 1470 3018 ἄγγελοι
1498 2950 1821 3020 ἀρνήσονται

250 3039 443 3093 δοῦλον
473 3042 634 3094 αὐτὸν
673 3037 811 3093 εἶναι
835 3041 929 3093 τοῦ
957 3040 1116 3105 Θεοῦ,
1147 3041 1394 3094 τουτέστι
1434 3041 1571 3092 καθὸ
1617 3040 1822 3107 ἄνθρω-

257 3150 386 3207 πον.
419 3134 530 3200 Οὐχ
564 3133 878 3202 εὑρίσκεται
930 3135 1113 3203 μέντοι
1156 3132 1215 3185 ἐν
1244 3132 1349 3202 ὅλῳ
1384 3131 1461 3199 τῷ
1502 3129 1822 3202 Εὑαγγελίῳ

255 3225 425 3278 αὐτὸν
467 3226 558 3279 τὸν
592 3225 825 3293 Χριστὸν
853 3227 1025 3278 εἰπεῖν
1055 3224 1183 3295 περὶ
1213 3223 1403 3278 ἐαυτοῦ
1425 3224 1499 3288 ὡς
1525 3224 1609 3294 εἴη
1638 3224 1822 3289 δοῦλος

1923 2044 2038 2108 Dei,
2068 2052 2122 2097 et
2153 2058 2349 2115 se_rrus
2380 2042 2495 2096 Dei.
2522 2042 2590 2095 Et
2623 2051 2883 2109 quantum
2912 2041 2980 2097 ad
3021 2042 3145 2105 hoc,
3176 2043 3315 2098 bene
3352 2045 3485 2099 dicit
3582 2091 3585 2094 ί

1923 2135 2246 2190 Alcoranum
2304 2135 2360 2187 in
2405 2133 2644 2202 capitulo
2690 2133 2912 2198 Emesa,
2945 2134 3090 2203 quod
3120 2150 3300 2205 neque
3327 2137 3488 2191 Chri-

1924 2237 2058 2289 stus,
2105 2242 2281 2297 neque
2326 2224 2524 2279 lideies
2572 2223 2744 2291 angeli
2781 2225 3056 2292 negabunt
3101 2242 3224 2280 eum
3271 2243 3484 2283 servum

1922 2332 2043 2371 esse
2074 2316 2188 2380 Dei,
2228 2316 2279 2369 id
2315 2323 2419 2379 est,
2451 2313 2505 2367 iu
2534 2322 2799 2382 quantum
2842 2314 3005 2368 homo
3042 2328 3144 2369 est.
3190 2317 3308 2370 Non
3345 2318 3492 2376 inve-

1924 2409 2074 2461 nitur
2115 2417 2293 2461 tatncn
2340 2407 2393 2460 in
2425 2415 2539 2459 toto
2572 2404 2884 2471 Evangelia,
2911 2406 3055 2472 quod
3091 2406 3207 2474 ipse
3235 2407 3487 2462 Christus

1924 2496 2069 2549 dicat
2116 2496 2181 2549 de
2224 2495 2425 2563 seipso,
2471 2493 2612 2562 quod
2657 2493 2728 2546 sit
2759 2507 2948 2545 servus
2994 2493 3108 2558 Dei,
3143 2510 3210 2548 ne
3243 2512 3484 2550 errorem

1925 2587 2165 2643 inducat.
2212 2585 2314 2639 Sed
2364 2597 2535 2653 neque
2575 2584 2749 2653 palam
2788 2582 2961 2637 dixit:
3004 2585 3115 2654 Ego
3158 2601 3278 2639 sum
3325 2589 3491 2651 Deus,

1927 2695 2101 2750 neque
2131 2678 2315 2742 homo,
2338 2675 2431 2731 sed
2459 2675 2602 2730 veris
2629 2687 2683 2729 et
2704 2674 3003 2730 manifestis
3032 2678 3290 2746 operibus
3312 2687 3494 2733 osten-

1927 2772 2029 2837 dit,
2061 2771 2299 2841 seipsum
2341 2778 2398 2824 et
2429 2768 2595 2822 Deum
2624 2782 2744 2822 esse
2777 2783 2988 2833 verum,
3017 2780 3073 2824 et
3097 2769 3373 2824 hominem
3406 2787 3494 2832 vc:

1930 2873 2071 2912 rum.
2122 2857 2189 2911 Et
2217 2865 2443 2925 promer
2478 2854 2582 2909 hoc
2616 2854 2785 2909 dixit:
2832 2854 2941 2910 e-Si
2996 2857 3130 2910 mihi
3174 2873 3282 2913 non
3326 2860 3491 2913 vultis

1929 2950 2172 3014 credere,
2202 2947 2458 3016 operibus
2486 2947 2691 3001 credite
2724 2948 2789 2999 ³ο.
2814 2965 2835 2998 ι
2868 2948 2930 3021 Et
2966 2950 3079 3002 bzrc
3105 2958 3187 3004 est
3210 2951 3492 3006 ellicaeior

1894 3032 1899 3037 ’
1926 3036 2201 3119 probatio,
2231 3049 2391 3105 quant
2422 3035 2467 3089 si
2496 3034 2680 3090 verbis
2706 3037 2835 3091 solis
2863 3037 2967 3091 hoc
2994 3037 3240 3094 dixisset.
3277 3040 3489 3096 Dictum

1927 3139 2013 3183 est
2039 3137 2213 3184 autem
2243 3126 2516 3196 superius,
2544 3143 2712 3195 quare
2736 3138 2865 3184 ante
2904 3131 3208 3199 passionem
3239 3133 3343 3191 hoc
3378 3150 3488 3189 non

1930 3218 2065 3271 dixit
2095 3217 2292 3286 palam.
2326 3216 2572 3287 Apostoli
2603 3229 2785 3271 autem
2840 3229 2895 3272 ct
2931 3221 3275 3290 evangelista:
3316 3222 3489 3292 prius,

255 3315 421 3379 Θεοῦ,
455 3316 540 3369 ἵνα
584 3316 660 3385 μὴ
703 3317 911 3384 πλάνην
944 3316 1232 3387 εἰσαγάγῃ.
1279 3315 1418 3370 Ἀλλ’
1450 3315 1569 3370 οὐδὲ
1595 3316 1821 3389 stupeﬁ-

1928 3318 1983 3363 et
2009 3310 2246 3377 posthmc
2277 3317 2334 3363 et
2362 3309 2451 3362 alii
2480 3309 2886 3379 praedicatOres,
2912 3309 2990 3363 sic
3015 3312 3301 3365 manifesta
3330 3311 3491 3366 verba

254 3403 360 3471 δην
398 3398 571 3469 εἶπεν,
616 3404 756 3471 Ἐγώ
814 3404 929 3473 εἰμι
981 3404 1134 3467 Θεὸς,
1187 3403 1295 3465 ούδῖ
1350 3404 1659 3474 ἄνθρωπος,
1708 3405 1820 3457 ἀλλ’

257 3494 491 3562 ἀληθέσι
513 3496 606 3547 καὶ
645 3497 896 3564 φανεροῖς
920 3479 1105 3561 ἔργοις
1130 3492 1329 3559 ἔδειξεν
1357 3495 1547 3545 ἐαυτὸν
1568 3496 1660 3546 καὶ
1691 3494 1823 3547 Θεὸν

255 3586 391 3639 ὄντα
429 3585 627 3653 ἀληθῆ,
689 3585 783 3638 καὶ
841 3584 1125 3653 ἄνθρωπον
1159 3583 1356 3651 ἀληθῆ.
1394 3584 1505 3635 Καὶ
1534 3584 1622 3636 διὰ
1664 3584 1824 3637 τοῦτο

258 3675 438 3740 εἶπεν,
474 3694 494 3728 ι
522 3676 591 3727 ιΕζ
656 3676 780 3744 ἐμοὶ
822 3675 884 3727 οὐ
913 3675 1096 3727 θέλετε
1154 3674 1451 3741 πιστεύειν,
1479 3677 1593 3737 τοῖς
1640 3674 1822 3745 ἔργοις

262 3767 616 3822 πιστεύσατε.
657 3785 677 3818 ›
711 3766 822 3821 Καὶ
849 3765 991 3836 αὕτη
1023 3767 1138 3819 ἐστὶ
1167 3766 1573 3836 δραστικωτέρα
1605 3768 1824 3821 ἀπόδει-

261 3863 366 3926 ξις,
395 3860 427 3929 ῆ
458 3860 507 3912 εί
540 3859 719 3926 λόγοις
764 3860 944 3928 μόνοις
972 3858 1130 3911 τοῦτο
1150 3854 1324 3911 εἶπεν.
1353 3858 1580 3927 Εἴρηται
1608 3859 1665 3911 δὲ
1689 3861 1826 3911 ἀνω-

259 3954 427 4021 τέρω,
462 3951 548 4003 διὰ
579 3949 629 4003 τί
664 3950 771 4020 πρὸ
794 3948 890 4003 τοῦ
920 3947 1126 4010 πάθους
1159 3947 1316 4000 τοῦτο
1343 3948 1443 4000 οὐκ
1468 3948 1659 4018 εἴρηκε
1679 3948 1826 4019 διαρο

180 4076 183 4077 ν
265 4043 457 4112 ρήδην.
485 4042 545 4092 Ui
583 4039 630 4092 δ’
653 4037 939 4094 ἀπόστολοι
971 4037 1066 4092 καὶ
1087 4037 1136 4089 οἱ
1160 4036 1544 4104 εὐαγγελισταὶ
1574 4033 1670 4089 καὶ
1696 4035 1828 4106 πρό-

259 4144 422 4195 τερον
458 4122 572 4178 καὶ(
603 4123 740 4193 μετὰ
772 4124 947 4176 ταῦτα
977 4121 1122 4176 οὕτω
1180 4122 1449 4192 φανεροὺς
1501 4121 1693 4189 λύγους
1733 4122 1827 4173 καὶ

263 4216 522 4285 θαύματα
549 4216 642 4267 καὶ
672 4206 824 4265 εἷπον
858 4213 953 4265 καὶ
993 4210 1223 4276 ἔδειξαν,
1245 4210 1320 4273 ῶς
1360 4210 1539 4264 πάντα
1584 4213 1675 4264 τὸν
1731 4210 1828 4264 κό-

266 4324 405 4378 σμον
437 4304 816 4375 συνελαθῆναι,
832 4303 991 4357 τοῦτο
1007 4303 1311 4358 πιστεῦσαι.
1326 4301 1388 4356 '0
1412 4303 1469 4355 δὲ
1497 4303 1818 4372 Μαχούμετ,

1930 3408 1984 3452 et
2011 3399 2267 3452 dixerunt
2295 3407 2349 3453 et
2385 3398 2767 3463 ostenderunt,
2798 3408 2860 3451 ut
2893 3410 3040 3453 totus
3089 3401 3323 3456 inundus
3364 3418 3495 3456 con-

1929 3490 2245 3558 vinceretur
2292 3489 2396 3543 hoc
2440 3490 2689 3543 credere.
2720 3490 3061 3544 Mahomctus
3110 3500 3313 3555 autem,
3348 3505 3495 3560 post-

1932 3594 2095 3648 quam
2132 3579 2272 3633 bene
2304 3578 2441 3632 dixit
2486 3576 2771 3633 Christum
2802 3595 2920 3634 esse
2958 3581 3191 3635 Verbum
3234 3583 3350 3646 Dei,
3384 3600 3490 3638 non

1931 3670 2079 3725 stetit
2110 3670 2163 3725 in
2197 3669 2449 3737 veritate,
2479 3671 2575 3725 sed
2620 3672 2951 3727 contradixit
2980 3674 3083 3727 sibi
3119 3674 3247 3743 ipsi,
3282 3675 3491 3745 dicens,

1932 3759 2111 3828 ipsum
2157 3758 2442 3815 Christum
2512 3776 2620 3814 non
2667 3776 2788 3816 esse
2847 3763 3039 3819 Deum.
3087 3764 3289 3819 Tamen
3335 3767 3495 3833 dixit,

1931 3850 2247 3918 quodapud
2280 3851 2448 3902 Deum
2482 3864 2541 3903 se
2590 3852 2892 3915 excusavit,
2926 3852 3071 3920 quod
3104 3854 3281 3921 patuit
3326 3870 3493 3922 supe-

1932 3940 2049 3993 rius
2087 3938 2141 3993 in
2167 3954 2312 3993 nouo
2340 3939 2602 4009 capitulo,
2627 3941 2914 3995 manifeste
2960 3942 3151 4017 falsum
3180 3948 3323 4007 esse,
3366 3956 3484 3998 tum

1931 4030 2059 4100 quia
2100 4030 2235 4085 dicit
2283 4031 2429 4099 quod
2476 4030 2593 4101 ipse
2641 4031 2893 4089 Christus
2940 4034 3119 4090 dixit:
3183 4054 3201 4087 ι
3258 4036 3493 4090 Adurate

1934 4121 2106 4177 Deum
2134 4138 2315 4179 meum
2342 4131 2398 4178 et
2423 4123 2592 4179 Deum
2620 4134 2883 4193 vestrum,
2911 4110 3203 4181 Do'minuin
3236 4144 3411 4181 meum
3440 4140 3496 4182 et

1934 4213 2224 4269 Dominum
2270 4223 2515 4269 vestrum
2543 4215 2611 4270 δι.
2656 4234 2676 4267 ›
2710 4215 2837 4270 llaec
2875 4227 3056 4271 autem
3114 4218 3252 4273 ratio
3294 4236 3497 4289 nequa-

1935 4320 2098 4374 quam
2130 4314 2363 4360 constat.
2400 4305 2461 4360 ln
2498 4314 2764 4377 quantum
2798 4307 2942 4361 enim
2985 4325 3146 4363 verus
3177 4310 3339 4365 homo
3370 4312 3494 4378 fuit,

267 4398 411 4469 μετὰ
438 4397 500 4450 τὸ
533 4397 715 4472 καλῶς
745 4396 919 4447 είπεῐν
938 4393 1030 4447 τὸν
1052 4391 1287 4463 Χριστὸν
1311 4388 1450 4444 εἶναι
1473 4389 1644 4459 Λόγον
1669 4389 1823 4457 Θεοῦ,

1936 4411 2100 4451 verus
2130 4411 2320 4452 servus
2346 4406 2431 4452 est
2464 4398 2582 4463 Dei,
2616 4408 2677 4452 ut
2705 4400 2963 4472 superius
2996 4402 3339 4455 manifestum
3369 4402 3497 4457 fuit.

263 4488 371 4541 οὐκ
395 4486 525 4555 ἔστη
557 4470 613 4538 ἐν
639 4487 706 4555 τῇ
731 4483 981 4555 ἀληθείᾳ,
1008 4481 1132 4535 ἀλλ’-
1150 4483 1404 4537 ἀντεῖπεν
1428 4480 1631 4549 ἑαυτῷ,
1659 4480 1823 4533 εἰπὼν

1935 4484 2213 4554 Contingit
2254 4501 2387 4555 ergo
2439 4485 2506 4540 de
2557 4470 2886 4552 Mabemeto,
2929 4488 3076 4557 quod
3108 4488 3178 4543 de
3228 4489 3349 4543 aliis
3379 4491 3498 4559 ipse

264 4577 433 4634 αὐτὸν
472 4577 560 4631 τὸν
593 4575 839 4645 Χριστὸν
858 4575 935 4643 μὴ
964 4569 1106 4627 εῖναι
1133 4572 1299 4626 Θεόν*
1336 4572 1493 4625 τοῦτο
1517 4571 1613 4640 μὲν
1642 4571 1716 4635 ὼς
1753 4572 1823 4624 εί-

1936 4573 2156 4643 Scripsit
2181 4573 2235 4627 in
2269 4573 2507 4644 capitulo
2530 4572 2702 4637 Jonaz,
2732 4574 2943 4641 dicens,
2975 4576 3120 4644 quod
3150 4577 3371 4647 quidam
3414 4593 3498 4632 re-

266 4671 387 4724 πὼν
441 4636 887 4739 παραιτησασθανι
922 4636 1035 4720 ’τὸν
1092 4664 1327 4736 Χριστὸν
1372 4636 1570 4717 ἑαυτὸν
1614 4666 1707 4718 ἐπὶ
1734 4664 1823 4718 τοῦ

1936 4663 2169 4731 probant
2199 4679 2320 4733 qua:
2364 4679 2473 4719 non
2522 4666 2853 4737 intelligunt,
2886 4676 2942 4722 et
2964 4684 3087 4738 qua:
3131 4636 3238 4723 non
3270 4681 3499 4739 possunt

192 4742 195 4745 Ι
264 4761 407 4816 Θεοῦ
435 4762 565 4835 περὶ
589 4760 806 4825 τούτου,
846 4757 875 4812 ὃ
909 4750 1160 4835 φανερῷς
1199 4755 1415 4827 ἐδείχθη
1456 4754 1648 4825 ψεῦδος
1682 4755 1741 4809 ὃν
1774 4758 1823 4810 ἐι

1936 4769 2234 4824 exponere.
2282 4753 2438 4809 Sicut
2478 4764 2534 4810 et
2560 4758 2677 4826 ipse
2706 4756 3022 4826 reprobavit
3051 4759 3368 4829 mysterium
3417 4759 3500 4812 in-

263 4853 349 4925 τῷ
378 4830 582 4920 ἐννάτῳ
611 4849 890 4919 κεφαλαίῳ
910 4862 926 4878 ⁶
950 4830 1115 4901 τοῦτδ
1131 4846 1188 4901 δὲ
1220 4846 1303 4901 ὅτι
1330 4840 1483 4925 εἶπεν
1505 4847 1668 4901 αὑτὸν
1698 4838 1823 4917 Χρι·

1936 4846 2293 4912 earnationis,
2322 4853 2605 4916 propterea
2661 4848 2809 4915 quod
2835 4848 2950 4916 ipse
3002 4864 3108 4903 non
3138 4850 3497 4920 intelligebat,

267 4944 397 4996 στὸν
435 4943 610 4995 είπεῖν
629 4955 645 4970 ο
682 4958 702 4990 ι
750 4940 1110 5009 Προσκυνείτε
1141 4938 1235 4991 τὸν
1267 4924 1411 5005 Θεὸν
1440 4954 1548 5008 μου
1573 4939 1668 4991 καὶ
1696 4940 1823 4994 Θεὸν

1940 4951 2043 4992 nec
2072 4944 2286 5006 poterat
2311 4951 2583 5005 exponere
2607 4952 2729 5006 quae
2754 4937 2809 4990 in
2847 4937 3144 5007 Evangelia
3179 4940 3502 4993 dicetantur

270 5034 451 5105 ὑμῶν,
497 5032 591 5083 τὸν
632 5030 836 5109 Κύριόν
876 5046 978 5098 μου
1034 5029 1129 5082 καὶ
1182 5028 1392 5101 ιςύριον
1425 5028 1598 5099 ὑμῶν.
1644 5048 1663 5082 ι
1698 5028 1823 5084 Τοῦ-

1939 5026 2007 5082 de
2034 5025 2278 5085 Christo.
2307 5026 2377 5080 Et
2406 5025 2708 5082 secundum
2745 5025 2992 5082 eamdem
3026 5031 3288 5081 rationem
3323 5044 3501 5096 neque

266 5140 333 5179 το
396 5122 467 5184 δὲ,
509 5112 757 5190 οὐδαμῶς
804 5117 883 5188 τῷ
935 5116 1080 5187 λόγῳ
1138 5116 1517 5188 προσίσταται.
1590 5118 1823 5171 Καθόσοη

1922 5116 2223 5177 Trinitatis
2271 5118 2591 5189 mysterium
2642 5118 2922 5189 suscepit;
2964 5134 3073 5173 non
3125 5119 3271 5173 enim
3322 5122 3500 5189 potuit

270 5215 387 5286 γὰρ
432 5202 637 5285 ωηθῆς
684 5210 967 5279 ἄνθρωπος
1012 5204 1102 5279 ἦν,
1151 5208 1256 5261 καὶ
1292 5209 1498 5280 ἀληθὴς
1534 5208 1739 5283 ,δοῦλος
1766 5205 1837 5281 ἦν

270 5307 372 5359 τοῦ
423 5306 584 5371 Θεοῦ,
615 5307 695 5369 ,ὡς
752 5302 1009 5370 ἀνωτέρω
1056 5302 1246 5369 γέγονε
1300 5300 1481 5370 δῆλον.
1516 5301 1835 5372 Σσμὸἐὸηκε

260 5395 456 5465 “τεοίνυν
490 5396 571 5466 τῷ
596 5394 916 5467 Μαχούμετ,
939 5390 969 5445 ὃ
998 5390 1127 5461 περὶ
1157 5391 1265 5445 τῶν
1289 5391 1642 5456 ἄλλωναύτὸς
1666 5391 1835 5463 ἐγρα-

234 5470 376 5559 νςξμν
410 5490 468 5542 ὲν
504 5486 582 5557 τῷ
610 5485 892 5556 κεφαλαίῳ
928 5483 1021 5537 τοῦ
1060 5480 1233 5546 Ἰωνᾶ,
1272 5480 1467 5550 λέγων,
1505 5479 1646 5535 εἷναί
1683 5499 1835 5547 τινας

1918 5194 2245 5282 intelligere
2280 5225 2642 5281 personarum
2668 5209 3103 5277 discretionem,
3148 5212 3356 5278 absque
3392 5211 3504 5264 dis-

1939 5304 2186 5359 eretione
2240 5319 2363 5374 qua:
2413 5309 2499 5357 est
2554 5304 2855 5358 secundum
2910 5303 3221 5358 essentiam.
3258 5302 3319 5351 Et
3368 5300 3501 5367 quid

1943 5394 2143 5450 mirum
2192 5395 2240 5449 si
2283 5396 2447 5449 homo
2477 5389 2713 5450 carnalis
2754 5410 2864 5449 non
2898 5392 3132 5462 percipit
3160 5392 3323 5446 αεσξη
3350 5392 3501 5446 niis-

1941 5486 2077 5542 sima
2122 5487 2217 5542 Dei
2264 5487 2559 5558 mysteria?
2590 5487 2714 5542 ﬂare
2756 5485 2977 5555 quidem
3025 5485 3191 5556 igitur
3234 5486 3501 5541 sulliciant

250 5562 784 5653 rénoooxrpdﬁ'ovtac
838 5577 875 5633 ἃ
929 5580 1005 5648 μὴ
1038 5574 1237 5638 νοοῦσι,
1273 5574 1367 5653 οιαὶ
1406 5573 1443 5627 ἃ
1474 5572 1548 5644 μὴ
1580 5573 1823 5629 δύνανται

1942 5578 2009 5632 de
2049 5580 2205 5631 tertia
2242 5579 2565 5649 quastione.

268 5648 627 5742 ἐξηγεῖσθαι·
666 5667 852 5739 ὥσπερ
890 5669 983 5720 καὶ
1034 5667 1194 5729 αὐτὸς
1247 5648 1617 5734 ἀπεδοκίμασε
1672 5665 1734 5717 τὸ
1803 5668 2105 5737 μυπὴριον
2130 5670 2229 5737 τῆς
2262 5648 2628 5739 νσαρκὼσεως,
2661 5670 2752 5723 διὰ
2804 5670 2866 5723 τδ
2920 5671 3057 5742 μήτε
3089 5671 3228 5723 νοεῖν
3259 5671 3393 5740 μήτε
3420 5669 3510 5721 δύ.

346 5765 470 5817 σθαι
510 5761 823 5831 ἐξηγεῖσθαι
876 5762 945 5815 τὰ
977 5764 1036 5815 ὲν
1079 5762 1157 5831 τῷ
1186 5760 1506 5831 Εὑαγγελίῳ
1560 5760 1834 5833 λεγόμενα
1874 5765 2005 5834 περὶ
2069 5755 2175 5817 τοῦ
2229 5765 2508 5836 Χριστοῦ..
2534 5766 2636 5821 Καὶ
2684 5768 2825 5822 κατᾶ
2858 5767 2949 5821 τὸν
2982 5765 3142 5819 αὑτὸν
3172 5765 3329 5833 λόγον
3380 5765 3513 5818 οὐδὲ.

353 5861 397 5893 ⁸ο
426 5858 583 5915 Joan.
632 5873 685 5924 ι,
713 5856 801 5911 ⁸58.
883 5856 923 5888 ³¹
964 5856 1119 5912 Joan.
1149 5871 1236 5922 xx,
1268 5855 1353 5909 i7.
