4180 6324
209 294 345 354 115'?

1407 298 1703 358 CONTRA
1746 300 2259 361 MAlltiiMEI‘EM.

3291 307 3426 372 1158

202 407 504 472 ἡαιμονίας·
531 408 806 462 καὶτοῦτο
835 409 922 462 διὰ
949 408 1058 461 τῶν
1092 409 1323 461 ἐντολῶν
1357 411 1450 461 καὶ
1491 410 1602 461 τῶν
1636 411 1759 480 ἁρε-

1835 422 2150 479 ,eognoscat
2192 400 2337 465 hanc
2384 412 2522 465 viam
2575 422 2728 468 extra
2770 430 2931 484 quam
2968 432 3072 469 non
3124 431 3206 471 ρει
3253 429 3423 474 satus.

202 496 341 549 τῶν.
385 498 573 559 Ὅστις
620 494 711 551 οῦν
739 501 881 553 θέλει
915 502 1175 567 σωθῆναι,
1216 501 1319 570 πρὸ
1349 502 1566 574 πάντων
1603 502 1763 570 χρεία

204 589 357 637 ὲττὶν
381 588 528 657 αὐτῷ
560 592 787 658 κρατεῖν
815 592 913 660 τὴν
943 590 1236 660 καθολικὴν
1269 592 1472 654 πίστιν,
1511 590 1759 658 δηλονότι

200 671 309 738 τῆς
364 674 680 743 καθολικῆς.
713 676 1040 745 Ἐκκλησίας
1104 676 1212 727 τῶν
1269 676 1632 743 Χριστιανῶν,
1682 678 1759 741 ὡς

201 763 344 833 αὐτῇ
376 767 442 833 τῇ
492 765 786 840 Ἐκκλησία
814 766 900 819 διὰ
938 768 1035 819 τοῦ
1081 767 1414 833 Ιίύαγγελίου
1451 768 1760 835 παραδίδω-

203 866 315 915 σιν,
352 851 436 903 ἵνα
466 851 791 921 ςωτίζηται,
826 857 920 906 καὶ
976 854 1175 925 βλέπῃ,
1230 856 1323 907 καὶ
1354 855 1602 925 γικώσκῃ
1634 856 1762 908 ταύ-

199 954 307 1006 την
358 939 457 1009 τὴν
501 940 637 1007 ὁδὸν,
669 938 736 1014 ἦς
789 943 893 1006 ἔξω
935 945 996 997 ού
1038 944 1261 999 δύναται
1299 943 1580 1008 σώζεσθαι.
1607 946 1761 998 Μετὰ

201 1029 402 1093 ταῦτα,
463 1031 549 1083 ἵνα
597 1033 664 1084 τὰ
714 1036 993 1104 μυστήρια
1021 1037 1121 1104 τῆς
1162 1034 1485 1104 Ἐκκλησίας
1515 1035 1763 1098 εὐλαϐῶς

1874 501 2076 555 Deinde
2113 513 2171 554 ut
2213 492 2556 557 sacramenta
2604 505 2856 560 Ecclesia:
2905 518 3215 562 reverenter
3248 511 3417 563 susci-

1870 593 2002 659 piat,
2039 602 2097 645 ut
2129 601 2361 661 ponatur
2396 594 2450 647 in
2498 594 2584 648 via
2630 612 2729 664 per
2762 613 2925 665 quam
2960 613 3182 652 necesse
3233 610 3316 652 est
3356 601 3420 652 ad

1869 682 2095 734 salutem
2128 682 2429 737 ambulare.
2464 682 2701 737 Tandem
2731 695 2790 739 ut
2817 689 2986 754 possit
3022 690 3310 743 terminum
3340 706 3424 743 sa-

1868 769 1995 823 lutis
2020 780 2075 823 et
2103 769 2377 824 felicitatis
2424 786 2617 826 secure
2647 775 2933 842 attingere,
2966 791 3105 845 opus
3134 789 3216 831 est
3248 788 3305 832 ut
3330 781 3425 833 oh-

1868 868 2047 913 scrvet
2070 863 2379 929 evangelica
2413 874 2677 932 przecepta
2708 873 2763 918 et
2806 864 3012 931 divina,
3038 875 3093 920 et
3124 870 3424 923 secundum

1869 948 2099 1004 virtutes
2130 951 2467 1022 theologicas
2498 954 2704 1022 pariter
2728 962 2785 1008 et
2813 959 3045 1011 tnorales
3074 971 3229 1012 suam
3260 959 3425 1012 vitam

1870 1040 2106 1102 ordinet,
2138 1049 2192 1094 et
2221 1051 2498 1111 operetur.

201 1122 553 1190 ἀναδέξηται,
597 1124 672 1186 ὠς
722 1124 789 1178 ἂν
843 1126 975 1197 τεθῇ
1024 1129 1081 1181 ὲν
1109 1129 1175 1196 τῇ
1212 1126 1335 1196 ὁδῷ,
1370 1127 1439 1178 δι’
1485 1123 1553 1198 ἧς
1620 1128 1835 1196 ἀνάγκη
1877 1128 2027 1180 ἐστὶν
2056 1131 2262 1183 ὁδεύειν
2290 1133 2429 1201 πρὸς
2473 1134 2573 1202 τὴν
2602 1136 2899 1203 σωτηρίαν.
2932 1136 3221 1206 ’Υστερον,
3252 1139 3324 1201 ὼς
3360 1138 3425 1190 ἂν

206 1214 417 1282 δυνηθῇ
450 1214 585 1282 πρὸς
616 1215 706 1267 τὸν
737 1216 862 1285 ὅρον
897 1221 993 1287 τῆς
1040 1220 1311 1288 σωτηρίας
1374 1217 1471 1270 καὶ
1530 1217 1627 1285 τῆς
1688 1218 2033 1288 εὐδαιμονίας
2083 1221 2338 1287 ἀσφαλῶς
2390 1222 2610 1289 φθάσαι,
2664 1229 2819 1293 χρεία
2851 1230 2998 1279 ἐστὶν
3059 1232 3143 1281 ἶνα
3181 1230 3423 1301 φυλάττη

200 1306 305 1366 τὰς
337 1304 700 1371 εύατγελικὰς
744 1309 960 1371 ἐντολὰς
1012 1311 1107 1363 καὶ
1174 1309 1323 1372 θείας
1352 1350 1366 1376 ,
1435 1309 1529 1361 καλ⁸
1572 1311 1712 1363 κατὰ
1750 1310 1846 1374 τὰς
1888 1314 2087 1382 spata;
2138 1316 2602 1382 τὰςιθεολογικὰς
2649 1318 2783 1386 ὁμοῦ
2833 1322 2924 1371 καὶ
2966 1324 3062 1382 τὰς
3095 1322 3289 1389 ἠθικὰς
3324 1326 3427 1392 τὴν

202 1396 407 1449 ἑαυτοῦ
450 1397 593 1467 ζωὴν
639 1399 810 1473 τάττῃ
841 1404 934 1453 καὶ
980 1401 1202 1470 ἐνεργῇ.

278 1488 395 1557 Χρὴ
448 1492 646 1553 τοίνυν,
696 1484 739 1542 ὦ
786 1492 1171 1555 ποθεινότατοι,
1219 1492 1305 1544 διὰ
1338 1493 1436 1561 τὴν
1490 1493 1765 1562 σωτηρίαν

1835 1533 1839 1555 ι
1939 1494 2166 1565 Oportet
2230 1514 2381 1569 ergo,
2440 1500 2804 1567 dilectissimi,
2860 1518 2961 1571 pro
3012 1516 3184 1557 vestra
3252 1507 3425 1561 salute

199 1579 382 1647 ὑμῶν,
411 1580 506 1633 καὶ
536 1583 661 1651 περὶ
688 1581 780 1633 τοῦ
808 1581 944 1634 Θεοῦ
979 1584 1072 1635 καὶ
1107 1574 1235 1651 περί
1275 1584 1371 1650 τῆς
1422 1585 1764 1654 προειρημέ-

199 1687 306 1737 νης
326 1670 464 1735 ὀδοῦ,
488 1672 608 1740 ἥτις
633 1674 780 1724 ἐστὶν
804 1675 831 1725 ό
859 1674 1113 1742 Χριστὸς,
1140 1673 1312 1734 ἄλλως
1338 1662 1615 1727 καὶλπλέον
1637 1692 1765 1745 φρο-

200 1765 317 1812 νεῖν
351 1764 445 1815 καὶ
468 1765 607 1815 νοεῖν
639 1766 782 1832 παρὸ
824 1766 881 1825 ἐν
915 1764 990 1832 τῷ
1034 1765 1342 1832 ’Λλκοράνῳ
1386 1765 1541 1833 ὑμῶν
1568 1765 1718 1835 ἔχετε

199 1853 263 1903 ὲν
294 1844 464 1918 ᾧτινι,
496 1855 543 1904 εί
572 1852 662 1904 καὶ
687 1858 815 1925 περὶ
842 1854 934 1908 τοῦ
969 1854 1102 1906 Θεοῦ
1131 1858 1222 1907 καὶ
1246 1855 1407 1907 αὑτοῦ
1434 1856 1528 1909 τοῦ
1558 1857 1764 1924 Κυρίου

198 1942 366 2010 ἡμῶν
411 1943 585 2012 Ἰησοῦ
635 1945 874 2013 Χριστοῦ
921 1947 1090 1998 πολλὰ
1126 1948 1298 2017 ἀληθῆ
1342 1949 1436 2000 καὶ
1473 1952 1699 2017 φανερὰ,
1729 1949 1766 2002 ἃ

200 2032 305 2084 καὶ
330 2032 489 2103 ἡμεῖς
523 2035 911 2104 ὁμολογοῦμεν,
961 2037 1139 2106 ἔχετε,
1164 2039 1309 2105 ὅμως
1342 2039 1473 2091 διότι
1519 2040 1579 2091 ού
1623 2039 1765 2091 κατὰ

196 2125 297 2176 τὸν
323 2126 483 2177 αὐτὸν
509 2128 727 2195 τρόπον,
761 2127 835 2187 ὡς
863 2115 1001 2198 αύτὴ
1047 2129 1080 2196 ή
1110 2129 1334 2197 ἀλήθεια
1377 2131 1437 2182 ὲν
1467 2129 1543 2199 τῷ
1584 2130 1764 2198 Εὐαγ-

197 2216 372 2285 γελίῳ
426 2217 790 2285 ὲφανέρωπεν,
827 2218 952 2271 οὐδὲ
999 2220 1216 2282 ἱκανῶς·
1255 2220 1340 2273 διὰ
1369 2208 1524 2275 τοῦτο
1547 2223 1707 2285 αὐτὸς
1737 2225 1765 2276 δ

198 2307 369 2374 νόμος
418 2306 513 2360 τοῦ
557 2308 884 2379 Ἀλκοράνου
941 2313 1039 2363 οὐκ
1096 2313 1255 2382 ἀρκεῖ
1288 2313 1421 2383 πρὸς
1468 2316 1761 2385 σωτηρίαν.

199 2398 550 2467 Παραδίδωσι
571 2401 678 2470 γὰρ
707 2402 838 2455 αὐτὸ
868 2403 929 2455 τὸ
970 2404 1295 2473 ’Λλκοράνον
1328 2407 1458 2475 περὶ
1487 2406 1577 2458 τοῦ
1605 2407 1762 2473 Θεοῦ,

195 2488 290 2537 ὅτι
320 2488 465 2538 ἐστὶν
493 2482 592 2551 εἷς,
621 2489 929 2559 ἀσώματος,
968 2491 1149 2554 ἄῢλος,
1183 2480 1435 2561 ἀόρατος,
1481 2495 1764 2564 ἀκατάλη-

196 2594 359 2643 πτος,
397 2570 607 2643 οὗτινος
635 2579 756 2633 οὔτε
808 2582 1032 2651 μέτοχος
1061 2621 1077 2647 ,
1114 2580 1236 2635 οὔτε
1286 2587 1541 2648 κοινωνός
1591 2587 1761 2639 ἐστιν·

196 2668 261 2719 ἐν
293 2671 357 2738 τῇ
413 2669 556 2738 χειρὶ
614 2670 779 2724 αὐτοῦ
831 2671 943 2740 ζωὴ
971 2674 1062 2725 καὶ
1111 2674 1360 2737 θάνατος·
1422 2676 1585 2738 αὐτὸς
1622 2678 1764 2747 ὑπὲρ

196 2758 385 2812 πάντα
415 2760 665 2823 δυνατὸς,
697 2760 837 2832 ὑπὲρ
868 2764 1042 2817 πάντα
1070 2765 1453 2834 εὐλογημένος
1484 2768 1645 2829 αὐτὸς
1674 2769 1766 2838 δη-

201 2849 488 2918 μιουργὸς,
544 2851 884 2922 κυϐερνήτης
936 2855 1029 2906 καὶ
1076 2855 1367 2923 δικαιωτὴς
1416 2858 1523 2908 τῶν
1554 2858 1761 2927 ψυχῶν,
1791 2892 1832 2948 C

198 2940 302 2992 καὶ
331 2939 497 2991 πολλὰ
518 2940 672 3005 ἄλλα,
702 2942 861 2995 ἅτινα
887 2944 979 2996 καὶ
1002 2946 1163 3013 ἡμεῖς
1190 2945 1405 3014 ἀληθῶς
1441 2948 1765 3019 πιστεύομεν

198 3031 304 3086 καὶ
333 3034 694 3103 κηρύττομεν.
762 3036 904 3089 Ἀλλ’
954 3036 1011 3089 ὲν
1042 3037 1233 3107 τούτῳ,
1270 3039 1350 3090 ὅτι
1397 3040 1643 3109 ἀρνεῖται
1672 3042 1764 3096 τὸν

195 3126 338 3178 Θεὸν
368 3128 461 3179 καὶ
509 3116 750 3198 Πατέρα,
795 3129 854 3181 ού
892 3129 1169 3199 σαρκικῶς
1217 3132 1279 3182 ὲκ
1314 3133 1592 3197 γυναικός,
1639 3133 1764 3188 ἐπεὶ

196 3216 429 3286 πνεῦμά
458 3218 629 3282 ἐστιν,
660 3218 776 3273 ἀλλ’
806 3223 868 3272 ἐκ
894 3219 994 3288 τῆς
1042 3220 1229 3278 οὐσίας
1260 3221 1425 3274 αὑτοῦ
1460 3222 1661 3294 νοερῶς
1705 3224 1765 3287 ἐξ

202 3310 383 3365 ἀῖδίυυ
415 3313 685 3365 συναῖδιον
708 3314 836 3365 ἑαυτ
852 3314 880 3378 ἶ)
904 3312 1159 3381 γεννῆσαι
1194 3311 1341 3373 Υίδν,
1379 3313 1473 3365 καὶ
1515 3329 1761 3382 προεκγα⁶

199 3404 326 3469 γείν
358 3401 578 3470 Πνεῦμα
613 3402 789 3471 ἅγιον,
824 3403 1077 3467 ἐλεεινῶς
1118 3403 1483 3472 πεπλάνηται,
1516 3406 1761 3458 ἐκλείπει

197 3510 263 3545 τε
296 3494 403 3545 ἀπὸ
429 3494 528 3561 τῆς
558 3492 823 3563 ἀληθείας
848 3494 942 3546 τοῦ
976 3494 1334 3562 Εὐαγγελίου·
1364 3495 1500 3561 ὅπερ
1532 3494 1763 3563 βεὸαίως

197 3583 444 3635 διδάσκει
480 3583 575 3636 ἕνα
604 3580 747 3636 εἶναι
772 3584 863 3637 τὸν
896 3584 1029 3637 Θεὸν
1060 3586 1119 3638 ὲν
1156 3587 1222 3654 τῇ
1253 3584 1409 3654 οὐσίᾳ
1438 3587 1531 3637 καὶ
1561 3588 1625 3652 τῇ
1655 3585 1760 3651 φύ-

197 3691 311 3737 σει,
342 3677 436 3728 καὶ
465 3674 671 3745 Τριάδα
701 3677 758 3727 ὲν
786 3677 899 3735 τοῖς
944 3674 1275 3744 προσώποις,
1324 3675 1489 3746 ἤγουν
1521 3675 1759 3745 Πατέρα,

183 3767 298 3821 καὶ
323 3765 473 3829 Υίδν,
501 3768 597 3819 καὶ
626 3765 851 3834 Πνεῦμα
878 3766 1054 3833 ἆγιονο
1084 3766 1205 3820 οὐδὲ
1248 3761 1386 3820 εἶναι
1417 3768 1579 3821 αὑτὸν
1633 3768 1762 3821 Υίδν

197 3857 231 3925 ἢ
288 3856 349 3907 τὸ
394 3854 618 3923 Πνεῦμα
678 3855 736 3906 τὸ
788 3853 961 3921 ἅγιον,
1020 3855 1244 3925 μέτοχον
1294 3854 1617 3927 ἣκοινωνὸν
1668 3853 1762 3908 τοῦ

196 3946 364 4013 Θεοῦ,
398 3946 587 4016 ἐπειδὴ
614 3945 875 4016 ἑκάτερος
907 3945 1087 4000 αὐτῶν
1112 3948 1170 4000 ού
1203 3950 1401 4018 μετοχῇ
1441 3965 1548 4001 τινι
1582 3948 1615 4015 ἢ
1646 3964 1763 4001 κοι-

200 4039 392 4108 νωνίᾳ,
424 4037 561 4091 ἀλλὰ
586 4037 858 4099 οὐσιωδῶς
894 4039 987 4092 καὶ
1034 4040 1280 4107 φυσικῶς
1313 4041 1427 4092 ἐστι
1472 4038 1625 4103 Θεὸς,
1662 4038 1761 4109 τὴν

196 4131 372 4203 αὐτὴν
422 4132 561 4201 μετὰ
587 4131 681 4184 τοῦ
727 4131 863 4184 Θεοῦ
922 4134 1017 4185 καὶ
1048 4131 1258 4200 Πατρὸς
1314 4131 1620 4200 ἀδιαίρετον
1664 4131 1760 4185 καὶ

1869 1593 1974 1637 tam
2013 1587 2079 1638 de
2115 1587 2221 1639 Deo
2254 1605 2417 1656 quam
2447 1590 2514 1643 de
2544 1593 2852 1659 snpradicta
2887 1596 2994 1656 via,
3023 1612 3144 1662 (tua:
3172 1597 3423 1651 Christus

1866 1683 1966 1739 est,
1999 1685 2051 1727 et
2078 1677 2199 1745 plus
2231 1682 2458 1743 sentire,
2494 1695 2653 1748 quam
2694 1682 2747 1734 in
2783 1695 2966 1736 vestro
3018 1685 3287 1739 Alcorann
3335 1689 3425 1740 ha-

1864 1762 2057 1829 beatis,
2091 1766 2143 1817 in
2173 1781 2281 1834 quo
2311 1768 2433 1820 Πουι
2464 1777 2568 1821 tam
2611 1768 2679 1822 de
2723 1771 2830 1823 Deo
2868 1787 3027 1839 quam
3074 1773 3139 1824 de
3174 1775 3288 1840 ipso
3321 1777 3427 1827 Du-

1867 1855 2015 1907 mino
2044 1866 2230 1911 nostro
2263 1857 2387 1912 Jesu
2419 1857 2637 1912 Christo
2667 1861 2836 1913 multa
2876 1876 3005 1915 vera
3051 1871 3107 1915 ct
3139 1864 3423 1930 przeclara,

1866 1960 1986 2013 qua:
2018 1956 2069 2000 ct
2097 1962 2197 2001 nos
2232 1948 2576 2014 conﬁtentur,
2611 1950 2893 2014 habeatis;
2931 1962 3108 2004 tamen
3147 1969 3271 2019 quia
3313 1972 3419 2007 non

1864 2052 2078 2104 canem,
2112 2051 2173 2093 ut
2205 2042 2319 2109 ipsa
2353 2042 2554 2096 veritas
2601 2044 2651 2095 in
2699 2042 2991 2112 Evangelia
3036 2046 3423 2112 manifestavit,

1866 2142 1970 2182 nec
2034 2129 2390 2192 sulﬁcicnter,
2435 2130 2558 2183 ideo
2606 2130 2718 2199 ipsa
2760 2135 2846 2185 lex
2890 2135 3143 2186 Alcorani
3176 2150 3279 2188 non
3317 2137 3425 2189 suf-

1867 2220 1980 2274 licit
2037 2220 2104 2273 ad
2155 2221 2405 2275 Salutem.
2440 2219 2630 2275 Tradit
2668 2221 2813 2275 enim
2865 2223 2981 2289 ipse
3025 2225 3326 2279 Alcoranus
3359 2228 3425 2281 de

1868 2311 1999 2375 Deo,
2032 2311 2177 2379 quod
2214 2327 2353 2365 unus
2388 2311 2480 2370 sit.
2520 2320 2575 2366 et
2606 2310 2982 2380 incorporeus,
3026 2315 3419 2382 immaterialis,

1868 2402 2174 2465 invisibilis,
2208 2402 2822 2471 incomprehensibilis:
2870 2408 2955 2458 cui
3003 2421 3102 2459 nec
3152 2408 3424 2476 particeps

1869 2509 1968 2547 nec
1999 2494 2180 2548 sucius
2225 2502 2327 2558 est,
2376 2495 2428 2546 in
2472 2494 2589 2564 ejus
2643 2509 2806 2547 manu
2857 2496 2966 2549 vita
3000 2504 3053 2550 et
3085 2511 3228 2550 mors
3261 2516 3273 2551 :
3311 2500 3423 2567 ipse

1869 2597 2036 2651 super
2094 2587 2274 2636 Omnia
2334 2592 2550 2651 potens,
2604 2598 2771 2651 super
2830 2585 3011 2638 omnia
3065 2586 3421 2641 benedictus:

1868 2674 1982 2743 ipse
2011 2687 2245 2735 creator,
2278 2674 2630 2742 gubernator.
2665 2674 3066 2744 etjustitirator
3094 2676 3417 2743 animarum,

1866 2774 1920 2818 et
1954 2764 2122 2817 multa
2151 2765 2255 2816 alia
2288 2779 2407 2831 qua:
2454 2772 2600 2818 certe
2632 2773 2688 2818 et
2732 2780 2830 2818 nos
2860 2765 3159 2829 credimus,
3188 2778 3243 2819 et
3278 2784 3412 2835 pra--

1867 2855 2128 2908 dicamus.
2161 2854 2265 2907 Sed
2314 2854 2366 2906 in
2418 2854 2541 2918 hoc,
2574 2856 2719 2923 quod
2770 2866 2930 2924 negat
2979 2856 3148 2910 Deum
3182 2858 3420 2918 Patrem,

1867 2962 1974 2999 non
2005 2945 2298 2998 carnaliter
2324 2960 2389 2998 ex
2424 2945 2647 3010 fetuina,
2676 2962 2798 2999 cum
2835 2948 3061 3015 spiritus
3099 2950 3189 3014 sit,
3221 2948 3311 3002 sed
3355 2964 3418 3002 ex

1864 3036 2173 3091 substantia
2225 3050 2321 3089 sua
2372 3035 2813 3092 intellectualiter
2847 3037 2913 3092 ab
2952 3047 3154 3093 aeterno
3194 3048 3420 3093 cozetcr-

1865 3143 1997 3182 num
2043 3127 2147 3181 sibi
2178 3128 2428 3195 genuisse
2458 3126 2681 3195 Filium,
2711 3138 2764 3185 et
2799 3129 3122 3199 produxisse
3160 3129 3421 3200 Spiritum

1865 3227 2138 3282 sanctum,
2174 3218 2563 3272 miserabiliter
2593 3228 2762 3284 errat,
2795 3230 2850 3273 et
2890 3219 3074 3281 deﬁcit
3120 3234 3149 3273 a
3194 3220 3421 3283 veritate

1866 3306 2143 3374 Evangelii
2183 3326 2195 3360 :
2231 3308 2374 3375 quod
2414 3309 2642 3360 ﬁrmiter
2672 3309 2853 3373 ducet,
2888 3325 3053 3362 unutn
3091 3325 3211 3364 esse
3254 3311 3418 3363 Deum

1866 3398 1918 3451 in
1960 3397 2265 3451 substantia
2311 3407 2368 3451 et
2417 3406 2634 3465 natura,
2681 3408 2737 3452 et
2786 3399 2989 3452 trinum
3042 3400 3096 3453 in
3148 3403 3420 3469 personis,

1865 3489 2077 3542 scilicet
2126 3488 2339 3541 Patrem
2386 3497 2443 3541 et
2490 3488 2688 3565 Filium
2734 3498 2790 3543 et
2837 3489 3098 3555 Spiritum
3147 3500 3419 3570 sanctum,

1864 3580 1975 3632 Nec
2006 3578 2202 3632 Filium
2233 3588 2329 3631 aut
2352 3578 2615 3647 Spiritum
2650 3591 2901 3635 sanctum
2945 3598 3062 3636 esse
3106 3585 3419 3651 participem

1864 3680 1959 3723 aut
1986 3669 2195 3722 socium
2228 3670 2355 3733 Deo,
2381 3684 2505 3722 cum
2536 3679 2829 3738 utrumque
2865 3686 2969 3725 non
3005 3673 3423 3741 participatione

1867 3766 1962 3811 aut
2002 3759 2287 3823 societate,
2320 3758 2415 3812 sed
2458 3759 2894 3815 substantialiter
2921 3772 2975 3816 et
3002 3762 3325 3815 naturaliter
3354 3766 3433 3818 sit.

1812 3886 1820 3893 .
1867 3848 2029 3915 Deus,
2049 3848 2295 3903 eamdem
2327 3865 2451 3904 eum
2487 3851 2598 3905 Deo
2632 3851 2790 3907 Patre
2817 3853 3107 3907 indivisam
3140 3863 3193 3907 et
3221 3852 3423 3921 impuro

1864 3941 2018 3994 titam
2045 3939 2307 3995 habentes
2338 3942 2558 3996 deitatis
2588 3942 2862 3997 naturam;
2889 3943 3063 4009 Quam
3117 3944 3422 4013 incompre-

1864 4034 2194 4089 hensibilem
2243 4034 2463 4089 deitatis
2509 4035 2855 4088 altitudinem
2906 4048 3067 4087 nemo
3110 4043 3417 4101 cognoscet,

1863 4131 1965 4185 nisi
2015 4129 2192 4198 primo
2237 4144 2333 4199 per
2377 4129 2741 4183 humilitatem
2775 4128 3067 4197 Evangelia
3100 4128 3418 4181 crediderit.

195 4225 500 4292 ἀμέριστον
528 4216 749 4291 ἔχοντεςΓ
788 4226 886 4292 τῆς
916 4223 1169 4292 θεότητος
1196 4220 1379 4289 φύσιν.
1408 4222 1587 4290 Ὅπερ
1615 4222 1757 4275 ἀκα-

1864 4220 2018 4276 Unde
2068 4230 2125 4274 et
2174 4219 2395 4288 quidam
2453 4218 2802 4286 antiquorum
2858 4215 3245 4285 prophetarum
3298 4215 3416 4277 ait:

198 4315 477 4382 τάληπτον
507 4313 609 4381 τῆς
647 4312 901 4383 θεότητος
948 4312 1078 4381 ὕψος
1107 4312 1279 4374 οὐδεὶς
1321 4312 1613 4380 γνώσεται,
1660 4312 1757 4365 ἐὰν

201 4408 283 4475 μὴ
306 4405 522 4475 πρῶτον
544 4404 1019 4466 διὰταπεινώσεως
1039 4403 1115 4473 τῷ
1131 4403 1445 4475 Εὐαγγελίῳ
1468 4403 1757 4477 πιστεύσῃ.

202 4498 376 4551 ’Ὸθεν
399 4498 493 4549 καί
515 4514 596 4559 τις
639 4496 748 4548 τῶν
776 4494 1015 4565 ἀρχαίων
1040 4495 1333 4566 προφητῶν
1358 4495 1528 4562 λέγει,
1570 4512 1591 4547 ι
1634 4495 1761 4549 Ἐὰν

204 4593 283 4660 μὴ
312 4587 659 4656 πιστεύσητε,
689 4586 750 4639 ού
782 4588 857 4655 μὴ
890 4586 1102 4655 συνῆτε.
1145 4606 1163 4639 ι
1193 4588 1298 4640 Καὶ
1322 4588 1350 4638 ὁ
1379 4586 1581 4655 Κύριος
1603 4586 1761 4657 ἡμῶν

196 4679 362 4738 αὐτὸς
410 4678 468 4728 ἒν
518 4676 595 4745 τῷ
655 4675 971 4743 Εὑαγγελίῳ
1031 4675 1411 4744 διαλεγόμενος
1470 4676 1607 4745 πρὸς
1669 4677 1761 4729 τὸν

197 4770 425 4839 Πατέρα
457 4768 641 4835 φησὶν,
681 4784 699 4817 ι
742 4765 1200 4835 Ἐξομολογοῦμαί
1234 4781 1332 4823 σοι,
1364 4765 1564 4832 Πάτερ,
1587 4765 1760 4833 Κύριε

196 4860 297 4915 τοῦ
336 4856 571 4930 ούρανοῦ
619 4857 717 4909 καὶ
767 4857 863 4924 τῆς
913 4856 1037 4925 γῆς,
1087 4855 1169 4906 ὅτι
1225 4854 1549 4923 ἀπέκρυψας
1589 4855 1761 4907 ταῦτα

196 4953 311 5007 ἀπὸ
376 4950 555 5019 σοφῶν
614 4940 708 5002 καὶ
761 4947 1021 5010 συνετῶν,
1078 4948 1171 4998 καὶ
1217 4945 1567 5013 ἀπεκάλυψας
1621 4945 1761 4999 αὐτὰ

198 5043 444 5113 νηπίοις.
485 5060 504 5093 ι
542 5040 651 5095 Καὶ
676 5038 847 5090 πολλὰ
884 5037 1015 5091 ἄλλα
1055 5038 1231 5108 ἁληθῆ
1265 5038 1492 5107 λαμπρὰ
1540 5038 1634 5091 καὶ
1666 5054 1761 5107 μς.

198 5131 523 5201 γαλοπρεπῆ
553 5129 882 5199 παραδίδωσι
913 5129 1039 5195 περὶ
1067 5128 1229 5179 αὑτοῦ
1257 5127 1348 5181 τοῦ
1376 5130 1580 5197 Κυρίου
1605 5128 1761 5197 ἡμῶν

210 5222 391 5295 Ἰησοῦ
425 5221 658 5291 Χριστοῦ
688 5222 747 5273 eo
792 5218 1137 5289 Ἀλκοράνον·
1188 5214 1320 5281 οἷον,
1351 5220 1434 5270 ὃτι
1479 5220 1507 5270 ό
1558 5218 1760 5286 Κύριος

197 5314 364 5385 ἡμῶν
404 5311 611 5382 Ἰησοῦς
644 5312 874 5382 Χριστός
909 5310 1054 5361 ἐστιν
1101 5306 1228 5370 Υἱὸς
1257 5310 1357 5379 τῆς
1402 5311 1620 5380 Μαρίας
1659 5308 1760 5374 τῆς

199 5392 505 5475 Παρθένου,
545 5402 642 5471 τῆς
681 5404 908 5473 ἀρίστης
949 5398 1137 5454 πασῶν
1186 5399 1297 5451 τῶν
1335 5401 1630 5467 γυναικῶνο
1678 5400 1762 5451 δτι

199 5501 354 5552 ἐστὶν
402 5497 629 5561 ἄγγελος
656 5494 812 5558 θεοῦ,
863 5494 955 5547 καὶ
1006 5491 1222 5563 πνεῦμα
1257 5492 1444 5558 αὐτοῦ,
1496 5494 1643 5563 ῥῆμα
1674 5493 1763 5547 οὺ-

271 5656 315 5685 ⁴¹³
366 5654 552 5708 ﬂuuit.
591 5669 662 5718 xl,
698 5653 787 5706 2'5.

1867 4330 1886 4363 ι
1922 4312 2033 4366 Nisi
2076 4310 2445 4375 credideritis,
2469 4324 2584 4363 non
2620 4308 2945 4378 illlt'lllgilis.
2979 4325 2999 4361 ι
3043 4307 3114 4365 Et
3160 4307 3421 4361 Dominus

1860 4411 2047 4457 noster
2084 4402 2197 4471 ipse
2240 4401 2293 4454 in
2340 4400 2637 4471 Evangelio
2686 4400 2917 4470 loquens
2948 4398 3013 4452 ad
3045 4397 3263 4451 Patrem
3297 4398 3369 4454 ait
3403 4412 3419 4454 ξ

1863 4513 1883 4547 ι
1916 4495 2190 4549 Conﬁteor
2226 4495 2348 4557 tibi,
2382 4493 2563 4555 Pater.
2599 4492 2826 4546 Domine
2856 4490 2979 4546 caeli
3018 4499 3076 4543 et
3118 4498 3296 4553 terrm,
3327 4490 3422 4557 qui

1860 4586 2195 4640 abscondisti
2252 4585 2367 4638 hazc
2418 4583 2777 4652 sapientibus,
2830 4589 2885 4635 et
2924 4578 3307 4645 prudentibus,
3363 4588 3424 4633 et

1869 4677 2119 4733 revrlasti
2146 4692 2208 4729 ea
2245 4674 2485 4744 parvulis
2499 4674 2567 4726 ”.
2602 4690 2620 4723 ι
2657 4670 2821 4727 Multa
2855 4669 3078 4738 insuper
3107 4685 3256 4733 vera,
3284 4685 3419 4738 pra:-

1858 4768 2010 4821 clara
2066 4776 2121 4820 ct
2164 4765 2445 4836 magniﬁca
2493 4763 2658 4817 tradit
2687 4760 2755 4816 tle
2801 4760 2919 4829 ipso
2958 4760 3189 4814 Domino
3235 4769 3419 4813 nostro

1857 4858 1985 4916 Iesu
2035 4856 2256 4914 Christo
2312 4856 2645 4917 Alcoranus;
2701 4862 2911 4920 utpote,
2961 4850 3106 4920 quod
3157 4849 3418 4904 Dominus

1862 4960 2047 5005 noster
2072 4949 2229 5003 Iesus
2256 4948 2511 5002 Christus
2538 4954 2622 4999 est
2643 4943 2793 5021 ﬁlius
2816 4941 2995 4996 Maria:
3015 4940 3272 5009 Virginis,
3302 4956 3436 4993 oni--

1832 5041 2007 5094 nium
2056 5037 2346 5090 mulierum
2393 5035 2666 5103 optimae:
2706 5033 2851 5102 quod
2897 5033 2968 5088 sit
3029 5033 3118 5086 Dei
3169 5032 3417 5097 nuntius,

1858 5143 2098 5197 suusque
2128 5126 2375 5195 spiritus,
2415 5124 2657 5179 Verbum
2699 5124 2911 5178 cwlitus
2946 5124 3169 5176 missum
3201 5122 3412 5180 Mariae:

1857 5218 1939 5271 vir
1970 5219 2229 5285 optimus,
2263 5215 2501 5285 sapiens,
2542 5213 2828 5283 prepheta,
2862 5212 2956 5281 qui
2987 5228 3191 5267 caacum
3228 5223 3417 5269 natum

1857 5318 2021 5379 atque
2051 5310 2329 5378 leprosum
2364 5308 2598 5370 curavit,
2634 5316 2882 5361 mortuos
2922 5306 3225 5371 suscitavit,
3268 5307 3417 5375 quod

1860 5416 1983 5456 cum
2014 5403 2212 5455 virtute
2241 5399 2423 5454 divina
2453 5398 2685 5459 venerit,
2720 5398 2867 5466 quod
2899 5398 3097 5454 librum
3127 5398 3415 5466 legifer-um

1862 5493 2130 5561 attulerit,
2161 5494 2443 5563 omnisque
2498 5492 2793 5562 magisterii
2829 5492 3099 5563 peritiam,
3133 5489 3276 5561 quod
3312 5497 3415 5575 γιον
