4180 6324
756 307 889 373 1161

1974 298 2123 359 DEM
2136 296 2349 357 ETRII
2382 294 2687 357 CYDONII

3833 288 3971 346 1168

753 439 838 484 est
866 424 1184 482 mortalibus
1243 424 1331 477 illa
1362 423 1515 489 vita;
1544 418 1672 492 quia
1723 417 1964 489 quandiu
2017 430 2204 472 sumus
2244 415 2299 469 in

2411 414 2568 466 ἔσται
2610 411 2728 464 τότε
2767 408 3018 477 διχόνοια.
3067 404 3201 458 ἀλλά
3240 404 3505 474 σύμφωνα
3555 404 3754 457 πάντα.
3800 407 3969 459 Οὐδὲν

760 519 976 577 mundo.
1002 514 1413 585 peregrinamur
1441 528 1469 566 a
1497 512 1723 565 Domino
1739 510 1803 563 ".
1834 508 1936 563 Sed
1970 517 2097 563 tunc
2148 522 2305 562 reve-

758 610 978 667 labitur,
1026 614 1083 659 et
1136 602 1595 665 manifestabitur,
1660 614 1783 653 cum
1838 598 2097 652 Dominus
2148 597 2306 652 .lcsus

756 698 985 765 cmperit
1020 710 1119 764 pro
1150 693 1385 748 terrenis
1434 691 1694 753 cmlestia,
1761 705 1857 759 pro
1913 675 2306 758 temporalibus

758 790 1113 858 sempiterna,
1136 802 1235 856 pro
1271 782 1495 839 modicis
1526 798 1713 851 magna
1747 787 2021 851 praestare,
2045 786 2102 832 et
2131 776 2307 829 addu-

758 894 881 931 cere
907 892 1092 931 secum
1125 886 1342 929 sanctos
1376 874 1427 926 in
1463 872 1671 925 visione
1727 879 1964 939 paterna:
2018 867 2221 937 glorias,
2257 872 2311 919 et

758 970 939 1022 facere
972 982 1153 1021 secum
1181 966 1232 1018 in
1274 964 1593 1018 cmlestibus
1649 961 1960 1023 considere,
1992 961 2182 1027 suique
2208 958 2309 1009 im-

760 1058 1139 1111 mortalitatem
1163 1055 1369 1125 largiri,
1394 1055 1457 1107 ad
1483 1068 1643 1120 quam
1668 1052 1749 1105 sui
1770 1050 2044 1119 sanguinis
2072 1048 2313 1101 vivillca-

764 1149 911 1201 tione
940 1162 1034 1201 eos
1067 1145 1362 1214 reparavit.
1394 1162 1410 1194 ι
1445 1144 1490 1196 0
1519 1158 1683 1210 quam
1714 1140 1947 1210 gloriosa
1988 1138 2129 1190 dicta
2185 1144 2314 1189 sunt

758 1240 825 1293 de
851 1249 922 1299 te,
966 1238 1159 1292 civitas
1187 1236 1339 1289 Dei"
1366 1236 1378 1287 l
1404 1233 1690 1302 —0quam
1711 1232 1905 1285 dilecta
1944 1228 2317 1289 tabernacula,

762 1329 989 1382 Domine
1049 1326 1311 1378 virtutum
1357 1325 1370 1377 l
1417 1321 1755 1389 concupiscit
1788 1328 1843 1374 et
1896 1317 2078 1371 deficit
2130 1318 2310 1369 anima

2410 503 2564 555 ἔσται
2594 502 2711 552 ἐκεῖ
2740 499 2830 552 τοῦ
2856 497 3098 551 διαϐόλου
3128 497 3270 561 δέος,
3304 495 3493 564 ένέδρα
3525 495 3791 564 δαιμόνων
3818 497 3971 548 οὐδε-

2414 594 2535 663 μία,
2584 592 2744 661 φόϐος
2773 591 2871 655 τῆς
2918 590 3139 659 γεέννης
3189 589 3434 657 μακράν.
3488 587 3699 657 Γαληνά
3754 589 3969 645 ἔσονται

2414 682 2612 746 πάντα,
2648 681 2739 733 καὶ
2770 680 2865 732 σὺν
2892 679 3091 748 αίωνίῳ
3123 677 3410 748 ἀσφαλείᾳ.
3454 678 3532 749 Τῇ
3559 678 3784 747 ἀληθεία
3814 683 3972 745 ἀγεν-

2416 773 2513 837 νής
2567 773 2738 834 ἐστιν,
2768 772 2913 832 ὅστις
2942 770 3039 838 οὐχ
3073 767 3357 822 ἁλίσκεται
3401 767 3478 838 τῷ
3513 768 3660 836 πόθῳ
3693 769 3789 837 τῆς
3824 769 3972 835 ζωῆς

2415 858 2640 930 ταύτης,
2672 862 2729 913 έν
2852 849 3076 922 πλοῦτος
3110 860 3203 910 καὶ
3246 858 3449 927 τρυφαὶ
3504 860 3599 911 καὶ
3644 858 3974 926 εὐφροσύναι

2418 952 2589 1014 οὕτως
2644 952 2949 1021 ἄρχονται,,
2996 950 3073 1012 ὡς
3134 950 3209 1020 μή
3265 949 3524 1003 δύνασθαι
3588 949 3968 1017 τελειωθῆναι·

2416 1040 2634 1114 ἧστινος
2679 1045 2707 1096 δ
2759 1042 2833 1112 μὴ
2894 1041 3061 1094 θέλων
3134 1040 3385 1108 γενέσθαι
3457 1040 3689 1111 ἐραστὴς
3733 1040 3827 1092 καὶ
3878 1042 3981 1107 ἢν

2415 1134 2694 1205 παροῦσαν
2729 1138 2823 1187 καὶ
2854 1135 3185 1203 πρόσκαιρον
3230 1133 3423 1185 ἀπολεῖ
3450 1134 3615 1203 ζωὴν,
3644 1134 3737 1187 καὶ
3764 1132 3977 1202 ταύτην

2417 1228 2512 1297 τὴν
2546 1227 2714 1278 ἀΐδιον
2742 1226 2869 1293 περὶ
2901 1220 2964 1296 ἧς
2988 1224 3352 1294 διαλεγόμεθα
3381 1224 3477 1293 οὐχ
3506 1225 3750 1293 εὑρήσει,
3779 1226 3869 1275 καὶ
3900 1223 3982 1292 τῷ

2418 1317 2621 1385 αἰωνίῳ
2670 1318 2885 1385 Θανάτῳ
2916 1317 3337 1386 κρατηθήσεται.
3373 1316 3589 1391 Ταύτης
3633 1318 3730 1406 τῇς
3755 1319 3980 1370 αἰωνίου

668 1554 669 1557 η
759 1520 941 1560 meum
997 1514 1053 1559 et
1097 1517 1228 1558 caro
1282 1517 1403 1556 mea
1449 1499 1860 1555 exsultaverth
1907 1498 1961 1552 in
2011 1497 2180 1551 Deum
2235 1494 2316 1548 vi-

759 1434 879 1472 inea
913 1417 967 1470 in
1004 1415 1139 1469 atria
1174 1413 1385 1468 Domini
1410 1414 1479 1476 ",
1503 1430 1521 1462 ι
1566 1411 1781 1465 dicebat
1824 1406 2123 1479 propheta;
2164 1424 2182 1456 ι
2217 1419 2314 1459 cor

2421 1407 2567 1476 ζωῆς
2595 1408 2690 1460 καὶ
2718 1408 2889 1461 ἀϊδίου
2930 1408 3277 1476 εὐδαιμονίας
3313 1409 3479 1463 πάλαι
3510 1412 3538 1463 ὁ
3570 1411 3740 1479 μέγας
3764 1409 3984 1473 Παῦλος

2423 1498 2602 1567 ήμῶν,
2633 1499 2661 1549 ὁ
2690 1498 2979 1560 ἀπόστολος
3011 1498 3107 1549 τοῦ
3150 1497 3322 1567 Ἰησοῦ
3370 1499 3603 1568 Χριστοῦ
3626 1538 3643 1562 ,
3684 1504 3750 1569 τῇ
3792 1501 3987 1552 ἐπιθυ-

760 1614 886 1650 νυιῐι
913 1596 978 1671 ⁶έο
1016 1614 1035 1646 ι
2425 1589 2523 1658 μία
2550 1588 2851 1655 έλκυσθεὶς,
2880 1591 3005 1658 περὶ
3029 1589 3126 1658 τῆς
3157 1588 3367 1665 ἐξορίας
3405 1591 3504 1659 τῆς
3526 1591 3807 1660 παρούσης
3832 1592 3988 1659 ζωῆς

758 1688 1120 1757 λυπούμενος,
1146 1686 1318 1764 οῦρῖως
1364 1686 1522 1739 ἐδύετο
1560 1703 1580 1737 ε
1619 1679 1689 1753 Ὦ
1723 1684 1989 1754 δυστυχής
2030 1682 2316 1752 ἄνθρωπε,
2350 1682 2431 1745 τίς
2474 1700 2540 1752 με
2609 1684 2830 1754 ῥύσεται
2861 1687 2924 1737 ὲκ
2986 1683 3079 1737 τοῦ
3126 1680 3378 1753 σώματος
3406 1685 3499 1739 τοῦ
3529 1686 3723 1755 θνητοῦ
3749 1687 3985 1745 τούτοος

668 1826 671 1829 .
760 1781 847 1835 Ζῶ
876 1778 984 1847 ἐγὼ
1007 1780 1130 1849 ήδη,
1170 1780 1270 1831 οὐκ
1298 1778 1430 1846 ἐγὼ,
1457 1778 1521 1847 ζῇ
1555 1776 1611 1830 δὲ
1643 1778 1707 1848 ἐν.
1731 1777 1855 1846 ἐμοὶ
1887 1777 2139 1846 Χριστός.
2163 1806 2233 1816 -·
2272 1776 2554 1846 Ἐπιθυμῶ
2582 1776 2866 1842 ἀναλῦσαι,
2894 1778 2985 1832 καὶ
3011 1778 3105 1830 σὺν
3131 1776 3352 1847 Χριστῷ
3381 1775 3571 1833 εῖναι.»
3622 1781 3987 1850 ’Δπεκρύφθη

759 1873 870 1944 γάρ
899 1878 1007 1935 τοῖς
1037 1874 1257 1943 θνητοῖς
1288 1872 1470 1942 ἐκείνη
1497 1873 1531 1942 ἡ
1554 1874 1693 1942 ζωή.
1724 1872 1869 1924 Διότι
1924 1872 2007 1939 ἐφ’
2045 1872 2167 1925 ὅσον
2225 1872 2392 1933 ἐσμὲν
2433 1873 2489 1923 ὲν
2517 1870 2592 1940 τῷ
2620 1870 2832 1942 κόσμῳ,
2871 1871 3256 1941 ἀποδημοῦμεν
3284 1871 3391 1926 ἀπὸ
3422 1873 3515 1926 τοῦ
3548 1874 3774 1942 Κυρίου.
3820 1875 3986 1928 una

763 1969 883 2020 τότε
912 1965 1428 2036 ἀποκαλυφθήσεται
1474 1967 1568 2018 καὶ
1598 1966 2067 2036 φανερωθήσεται,
2115 1965 2315 2018 ὁπόταν
2353 1969 2380 2018 ὁ
2412 1965 2615 2035 Κύριος
2656 1965 2865 2034 ἰησοῦς
2924 1964 3151 2035 ἄρξηται
3207 1968 3337 2019 ἀντὶ
3360 1966 3466 2021 τῶν
3494 1968 3696 2036 γηῖνων
3723 1971 3791 2022 τά
3817 1971 3992 2040 ούρά-

760 2080 872 2129 νια,
917 2063 1037 2117 ἀντὶ
1065 2062 1172 2143 τῶν
1214 2061 1568 2130 προσκαίρων
1600 2062 1670 2114 τά
1716 2061 1883 2124 ἀΐδια,
1931 2060 2049 2113 ἀντὶ
2096 2060 2203 2114 τῶν
2235 2061 2443 2131 μικρῶν
2468 2062 2534 2114 τὰ
2573 2062 2782 2131 μεγάλα
2808 2061 3026 2126 διδόναι,
3089 2064 3182 2116 καὶ
3242 2063 3614 2131 προσάγεσθαι
3682 2068 3776 2122 σὺν
3830 2067 3995 2138 αὐτῷ

761 2158 886 2217 τοὺς
917 2156 1113 2222 ἁγίους
1134 2154 1193 2205 έν
1221 2156 1288 2224 τῇ
1334 2151 1539 2223 θεωρίᾳ
1566 2153 1665 2222 τῆς
1694 2152 1963 2222 πατρικῆς
2001 2152 2190 2224 δόξηςο
2222 2154 2316 2208 καὶ
2353 2156 2526 2208 ποιεῖν
2576 2157 2696 2223 μετ’
2745 2153 2910 2208 αὐτοῦ
2956 2156 3015 2207 έν
3076 2156 3191 2217 τοῖς
3234 2156 3509 2227 οὐρανίοις
3579 2158 3991 2227 συγκαθῆσθαι,

762 2248 859 2305 καὶ
884 2246 983 2316 τὴν
1021 2244 1321 2297 ἀθανασίαν
1350 2244 1447 2314 τὴν
1488 2245 1625 2297 ἰδίαν
1653 2244 1962 2315 δωρεῖσθαι,
2021 2244 2157 2315 πρὸς
2188 2244 2365 2315 iiva
2407 2245 2729 2315 ζωοποιήσει
2758 2246 2853 2300 τοῦ
2892 2248 3021 2299 ἰδίου
3058 2247 3287 2317 αἵματος
3323 2249 3521 2312 αὐτοὺς
3548 2252 3991 2321 παρεσκεύασεν.

770 2361 789 2391 ε
848 2340 934 2400 Ὠς
962 2334 1321 2404 δεδοξασμένα
1350 2335 1589 2405 ἐλαλήθη
1642 2335 1773 2405 περὶ
1805 2336 1920 2399 σοῦ,
1970 2336 2003 2404 ἡ
2039 2335 2194 2397 πόλις
2240 2336 2333 2389 τοῦ
2372 2335 2539 2390 Θεοῦί
2613 2337 2700 2400 Ὠς
2726 2330 2982 2408 ἀγαπητά
3027 2338 3094 2392 τά
3139 2338 3474 2410 σκηνώματά
3514 2359 3627 2407 σου,
3672 2344 3843 2413 Κύριε
3874 2348 3997 2400 τῶν

763 2436 1080 2505 δυνάμεωνῑ
1120 2435 1413 2505 Ἐπιθυμεῖ
1443 2434 1539 2485 καὶ
1576 2430 1816 2485 ἐκλείπει
1878 2431 1913 2499 ἡ
1959 2429 2105 2501 ψυχή
2157 2448 2257 2501 μου
2320 2434 2400 2494 είς
2435 2433 2534 2497 τάς
2567 2432 2736 2496 αὐλὰς
2774 2431 2870 2486 τοῦ
2911 2433 3139 2504 Κυρίου,
3163 2450 3183 2485 ι
3225 2433 3409 2504 ελεγεν
3457 2436 3487 2489 ό
3524 2438 3812 2507 προφήτης
3835 2478 3850 2503 ,
3885 2456 3905 2488 ι
3954 2439 3994 2508 ή

666 2545 671 2551 ’
764 2528 961 2595 καρδία
1003 2544 1107 2595 μου
1147 2527 1241 2579 καὶ
1284 2527 1318 2596 ή
1351 2525 1488 2594 σάρξ
1537 2541 1641 2593 μου
1675 2522 2038 2592 ἠγαλλιάσατο
2074 2524 2168 2575 hri
2200 2522 2320 2593 Θεῷ
2358 2524 2540 2588 ζῶντι.
2574 2542 2593 2576 ι

834 2622 980 2678 Talis
1011 2620 1255 2691 profecto
1289 2630 1373 2675 est
1416 2619 1648 2674 felicitas
1673 2617 2110 2672 Christianorum
2138 2627 2165 2684 ;'
2204 2618 2319 2674 talis

2500 2618 2733 2683 Τοιαύτη
2777 2619 2856 2689 τῷ
2906 2619 3019 2672 ὃντι
3071 2618 3218 2672 ἐστὶν
3273 2622 3304 2690 ή
3350 2620 3659 2689 εὐδαιμονία
3700 2620 3809 2674 τῶν
3836 2621 3998 2691 Χρε-

764 2728 890 2781 spcs
919 2724 1134 2776 nostra;
1159 2710 1279 2765 talis
1307 2710 1479 2765 sancti
1497 2709 1776 2779 Evangelii
1801 2709 1922 2763 finis
1949 2718 2004 2764 et
2027 2710 2314 2765 terminus.

2431 2708 2660 2762 στιανῶν
2684 2724 2697 2736 '
2731 2708 2952 2777 τοιαύτη
2983 2710 3014 2776 ή
3064 2708 3217 2772 ἐλπὶς
3247 2711 3281 2778 ή
3308 2711 3547 2779 ήμετέρα
3569 2726 3585 2744 ο
3616 2711 3852 2765 τοιοῦτον
3889 2715 3993 2767 τιρῦ

763 2803 882 2856 Neu
922 2803 1135 2872 qualem
1170 2816 1297 2857 caro
1323 2811 1377 2856 et
1428 2802 1649 2871 sanguis
1673 2801 1945 2870 promittit
1989 2800 2169 2865 nobis,
2220 2800 2316 2854 sed

2425 2800 2581 2866 ἀγίου
2605 2800 2931 2868 Εὑαγγελίου
2964 2800 3025 2853 τὸ
3049 2801 3198 2863 τέλος
3230 2804 3320 2854 καὶ
3347 2803 3408 2855 τὸ
3446 2802 3637 2873 πέρας.
3662 2806 3774 2875 Οὐχ
3802 2811 3997 2863 ὁποῖον

766 2894 981 2961 qualem
1027 2894 1231 2947 habent
1262 2893 1509 2948 caelestes
1558 2901 1614 2948 et
1661 2893 1889 2961 angelici
1926 2893 2170 2961 spiritus.
2212 2891 2316 2946 Pro

2428 2889 2565 2959 σὰρξ
2599 2890 2691 2943 καὶ
2717 2885 2854 2959 αἷμα
2882 2888 3219 2959 ὑπισχνεῖται
3258 2892 3405 2959 ὑμῖν,
3431 2893 3550 2946 ἀλλ’
3576 2896 3760 2948 όποῖον
3800 2898 3994 2968 ἔχουσι

763 2988 875 3055 quo
913 2984 1231 3044 obtinendo.
1262 2998 1369 3037 non
1400 2984 1600 3037 mirum
1629 2985 1674 3041 si
1700 2981 1910 3053 priores
1933 2984 2099 3037 nostri
2130 2984 2318 3038 Patres

2428 2979 2499 3032 τά
2562 2978 2783 3048 οὐράνια
2832 2980 2925 3031 καὶ
2958 2979 3220 3045 ἀγγελικά
3281 2981 3582 3051 πνεύματα.
3613 2986 3789 3056 Ὅπερ
3842 2990 3992 3042 ὥστε

766 3077 890 3145 igne
917 3073 1199 3129 cbaritatis
1229 3073 1468 3137 accensi,
1501 3071 1654 3125 varia
1706 3082 1762 3125 et
1794 3072 2078 3125 innumera
2129 3081 2319 3140 pertu-

2429 3070 2721 3137 κατασχεῖν
2750 3070 2842 3119 καὶ
2876 3068 3125 3136 φυλάξαι,
3157 3070 3306 3123 οὐδὲν
3360 3072 3685 3141 θαυμαστὸν,
3710 3080 3761 3130 εἰ
3788 3080 3840 3131 οῖ
3880 3083 3994 3149 πρὸ

766 3169 882 3220 lere
912 3167 1165 3225 alacriter
1193 3173 1249 3219 et
1277 3165 1580 3234 gaudenter
1636 3166 1907 3218 tormenta
1935 3181 1950 3228 ;
2002 3164 2045 3218 si
2080 3162 2320 3234 parenti-

767 3253 894 3318 bus,
948 3254 992 3307 si
1038 3252 1323 3315 uxoribus,
1360 3252 1407 3306 si
1445 3252 1655 3313 liberis,
1706 3251 1751 3304 si
1806 3251 2045 3319 denique
2089 3251 2318 3315 divitiis,

758 3342 1225 3395 delectationibus
1286 3340 1486 3403 carnis,
1549 3340 1872 3409 ueterisque
1938 3339 2097 3409 hujus
2135 3339 2321 3393 δαιτυΙὶ

767 3433 930 3485 bouis
956 3440 1150 3501 sponte
1196 3431 1599 3497 renuntiabant,
1633 3440 1692 3483 ut
1719 3429 1786 3484 ad
1828 3430 1967 3483 hanc
1991 3438 2048 3485 et
2079 3430 2319 3486 velocius

762 3533 825 3576 et
856 3522 1105 3576 securius
1135 3531 1301 3593 atque
1346 3521 1577 3575 liberius
1624 3521 2019 3590 pertingerent.
2075 3520 2142 3574 Et
2190 3521 2317 3591 quia

765 3612 1009 3665 charitas
1071 3610 1278 3664 Christi
1322 3612 1465 3680 (quas
1526 3620 1787 3681 quantum
1822 3613 1875 3664 in
1912 3626 1976 3666 ea
2041 3620 2143 3671 est.
2204 3615 2322 3666 vult

772 3716 963 3755 omnes
996 3700 1247 3756 homines
1263 3700 1445 3755 salvos
1471 3699 1617 3764 fieri;
1640 3708 1695 3754 et
1722 3700 1787 3753 ad
1819 3699 2147 3770 agnitionem
2174 3702 2338 3755 verio‘

774 3794 902 3847 tatis
922 3792 1211 3861 pervenire
1233 3788 1300 3858 ")
1325 3791 1507 3861 coegit
1535 3805 1651 3855 nos,
1686 3800 1746 3845 ut
1800 3790 2036 3845 dimissis
2064 3792 2319 3862 omnibus

769 3883 898 3937 vitae
927 3883 1209 3950 praesentis
1240 3881 1563 3944 commodis,
1618 3896 1649 3934 a
1698 3880 2015 3949 longinquis
2051 3882 2319 3950 partibus,

770 3983 828 4027 et
856 3987 978 4026 cum
1006 3954 1215 4040 magnis
1241 3970 1523 4023 laboribus
1554 3980 1723 4037 usque
1752 3969 1819 4021 ad
1853 3970 1951 4023 vos
1970 3969 2320 4032 rveniremus,

774 4054 1285 4132 profiteremurquc,
1341 4070 1396 4115 et
1424 4059 1875 4114 annuntiaremus
1930 4073 2050 4126 qua:
2089 4059 2318 4128 professi

775 4166 985 4216 sumus,
1047 4160 1103 4205 et
1153 4149 1626 4213 aununtiavimus,
1660 4148 1786 4202 ideo
1847 4163 2095 4217 rogamus
2122 4164 2235 4209 vos,
2270 4157 2323 4201 et

774 4243 1125 4298 obsecramus
1150 4242 1206 4295 in
1238 4257 1326 4304 eo,
1347 4241 1444 4309 qui
1474 4255 1574 4293 nos
1589 4253 1779 4291 omnes
1805 4236 1872 4290 ad
1896 4238 1979 4291 sui
2003 4240 2317 4307 imaginem,

775 4332 1069 4385 rationales
1100 4340 1155 4384 et
1204 4327 1602 4406 intellectuales
1654 4328 1883 4388 creavit,
1940 4334 2001 4379 ut
2054 4327 2323 4396 patienter

778 4421 863 4473 his
895 4424 949 4474 in
974 4419 1189 4487 scriptis
1219 4416 1551 4485 suscipiatis,
1586 4430 1707 4485 qua
1757 4416 2196 4490 annuntiavimus
2224 4431 2237 4467 :
2264 4426 2321 4469 et

777 4521 839 4564 ut
868 4508 1176 4570 rationales,
1205 4506 1273 4561 ad
1337 4506 1627 4572 imaginem
1676 4515 1733 4559 et
1778 4504 2191 4559 similitudinem
2228 4504 2317 4556 Dei

776 4603 964 4663 creati,
999 4600 1199 4669 scripta
1230 4607 1413 4652 nostra
1443 4610 1568 4651 cum
1625 4596 1831 4651 ratione
1897 4595 2221 4650 discutiatis.
2253 4595 2323 4649 Et

778 4694 821 4746 si
852 4692 981 4759 quid
1016 4688 1214 4742 rationi
1236 4701 1537 4741 consonum
1566 4685 1873 4755 reperietis,
1907 4685 2039 4739 illud
2068 4695 2128 4740 ut
2153 4687 2322 4739 ratio-

778 4780 928 4832 nales
958 4776 1235 4844 suscipite.
1260 4774 1323 4827 εἰ
1358 4774 1493 4842 quid
1534 4788 1662 4829 vero
1694 4775 1857 4829 aliter
1888 4773 2045 4828 vobis
2076 4773 2323 4829 videatur

778 4883 895 4922 esse
931 4866 1266 4928 nuntiatum,
1302 4878 1429 4920 ecce
1469 4870 1687 4934 paratos
1716 4878 1816 4919 nos
1838 4864 2133 4930 otl‘erimus,
2156 4865 2319 4919 etiam

694 4950 697 4951 ⁷
780 4972 1065 5024 quousque
1097 4956 1391 5009 reddamus
1420 4956 1670 5025 spiritum
1723 4955 1790 5011 ad
1818 4956 2009 5019 Deum,
2044 4956 2136 5025 qui
2178 4946 2322 5011 ferit

782 5046 956 5107 illum,
983 5045 1033 5095 in
1054 5043 1199 5097 illius
1226 5043 1429 5098 auxilio
1453 5053 1506 5103 et
1524 5044 1746 5105 virtute,
1768 5044 1859 5113 qui
1879 5044 2015 5098 dixit
2033 5044 2199 5099 :Dum
2216 5054 2323 5099 ste-

785 5136 957 5190 teritis
986 5144 1111 5187 ante
1142 5149 1294 5203 reges
1317 5144 1374 5189 et
1404 5135 1684 5204 praesides,
1705 5124 1871 5189 nolite
1906 5138 2163 5206 cogitare,
2193 5151 2322 5204 quo-

2425 3160 2581 3229 ήμῶν
2612 3156 2874 3228 Πατερες,
2919 3159 2994 3226 τῷ
3034 3161 3167 3228 πυρὶ
3216 3159 3315 3228 τῆς
3372 3163 3593 3233 ἀγάπης
3636 3165 3991 3235 ἐξαφθέντες,

2428 3250 2645 3330 ποικίλα
2698 3252 2790 3303 καὶ
2853 3250 3198 3319 ἀναρίθμητα
3273 3252 3587 3321 ὑπήνεγκαν
3647 3253 3814 3326 ἡδέως
3893 3268 3992 3314 καὶ

2416 3337 2764 3413 χαρμονικῶς
2812 3342 3157 3412 κολαστήρια,
3208 3344 3255 3394 εἰ
3288 3347 3484 3411 γονεῖς,
3544 3346 3593 3399 εί
3622 3352 3911 3416 γυναῖκας,
3937 3354 3991 3403 εἰ

2430 3434 2644 3497 παῖδας,
2678 3436 2724 3485 εἰ
2756 3434 3001 3505 πλοῦτον,
3052 3437 3254 3503 σαρκὸς
3312 3440 3520 3506 ἡδονὰς,
3576 3443 3670 3494 καὶ
3721 3445 3787 3496 τὰ
3847 3444 3990 3499 ἀλλα

2428 3525 2605 3576 πάντα
2629 3523 2726 3606 τοῦ
2758 3514 2947 3587 αίῶνος
2998 3526 3177 3592 ἀγαθά
3226 3527 3486 3593 ἑκουσίως
3539 3532 3864 3601 ἠρνήσαντο,
3900 3539 3990 3591 ἵνα

2428 3615 2565 3683 πρὸς
2608 3616 2809 3685 ταύτην
2856 3616 2951 3669 καὶ⁵
2996 3618 3401 3689 συντομώτερον
3443 3624 3534 3673 καὶ
3579 3626 3989 3697 ἀσφαλέστερον

2430 3701 2525 3754 καὶ
2562 3701 2985 3771 ὲλευθερὼτερον
3042 3703 3343 3771 φθάσωσιν.
3363 3708 3473 3761 Καὶ
3527 3708 3661 3763 διότι
3716 3713 3751 3780 ή
3791 3714 3986 3781 ἀγάπη

2426 3788 2519 3841 τοῦ
2576 3790 2813 3856 Χριστοῦ
2854 3792 3019 3867 (ἥτις
3077 3792 3137 3845 τὸ
3190 3795 3310 3847 κατ’
3361 3796 3530 3866 αὐτὴν
3589 3797 3731 3851 θέλει
3775 3804 3985 3867 πάντας

2397 3880 2742 3958 ’ἀνθρώπους
2811 3865 3065 3950 σωθῆναι,
3123 3884 3216 3935 καὶ
3265 3883 3346 3945 είς
3404 3865 3694 3953 ἐπίγνωσιν
3728 3865 3987 3961 ἀληθείας

2425 3970 2633 4038 ἐλθεῖν)
2662 3972 2967 4038 ἠνάγκασεν
3019 3973 3184 4040 ἡμᾶς,
3237 3974 3323 4025 ἵνα
3372 3976 3600 4042 ἀφέντες
3655 3980 3829 4048 πάντα
3885 3992 3985 4052 τῆς

2408 4059 2702 4139 ,παρούσης
2748 4062 2908 4131 ’ζωῆς
2964 4054 3032 4114 τὰ
3098 4063 3226 4130 ήδέα
3294 4064 3388 4115 καὶ
3454 4068 3815 4136 συμφέροντα,
3874 4074 3985 4125 ἀπὸ

2427 4152 2777 4219 μακροτέρων
2810 4152 2991 4221 μερῶν
3016 4154 3104 4203 καὶ
3137 4153 3274 4220 μετά
3336 4155 3586 4223 μεγάλων
3642 4160 3823 4213 κόπων
3875 4162 3983 4226 ἓως

2424 4241 2575 4308 ὑμῶν
2596 4243 2853 4310 ἔλθωμεν,
2886 4244 2977 4319 καςι
2998 4237 3415 4315 ὁμολογήσωμεν
3436 4250 3529 4302 καὶ
3548 4251 3978 4321 ἀναγγείλωμεν,

2423 4332 2579 4399 ἅτινα
2609 4332 3038 4403 ὡμολογήσαμεν
3092 4342 3187 4400 καὶ
3224 4338 3624 4409 ἀνηγγείλαμεν
3645 4379 3661 4396 .
3689 4346 3783 4396 Διά
3822 4343 3982 4398 τοῦτο

2424 4419 2842 4487 παρακαλοῦμεν
2872 4422 3041 4489 ὑμᾶς,
3072 4426 3165 4474 καὶ
3220 4425 3532 4497 ἱκετεύομεν
3556 4431 3617 4482 ὲν
3644 4431 3722 4500 τῷ
3776 4433 3982 4495 πάντας

2423 4508 2587 4575 ἡμᾶς,
2643 4510 2763 4560 κατ’
2822 4510 3005 4562 είκόνα
3067 4512 3229 4564 αὐτοῦ
3284 4514 3532 4582 λογικοὺς
3613 4519 3712 4571 καὶ
3763 4522 4003 4589 νοεροὺςν

2420 4592 2894 4668 δημιουργήσαντι,
2940 4600 3022 4652 ἵνα
3050 4604 3410 4673 μακροθύμως
3432 4607 3655 4677 δέξησθε
3689 4613 3749 4664 έν
3774 4614 3981 4676 τούτοις

2422 4692 2533 4749 τοίς
2587 4691 2990 4760 γεγραμμένοις
3039 4691 3183 4762 ἅπερ
3248 4696 3710 4767 ἀνηγγείλαμενν
3746 4703 3835 4754 καὶ
3896 4704 3978 4766 ὡς

2424 4773 2635 4860 λογικοί
2657 4776 2777 4829 κατ’
2806 4814 2809 4816 -
2839 4778 3022 4834 εἰκόνα
3050 4782 3141 4835 καὶ
3178 4782 3432 4851 ὁμοίωσιν
3459 4786 3595 4839 Θεοῦ
3649 4787 3981 4859 δημιουργηο

2423 4863 2624 4938 θέντες,
2645 4867 3037 4943 τὰὲγράμματα
3065 4873 3221 4941 ήμῶν
3251 4876 3387 4943 μετά
3415 4876 3575 4945 λόγου
3625 4876 3974 4948 ἐρευνήσητε.

2424 4953 2528 5006 Καὶ
2556 4956 2621 5008 ἄν
2651 4974 2701 5008 τι
2751 4958 3017 5028 τῷλόγῳ
3071 4961 3355 5030 σύμφωνον
3409 4950 3626 5036 εὕρητε,
3675 4972 3842 5021 ἐκεῖνο
3897 4968 3981 5029 ὡς

2421 5046 2627 5112 λογικοὶ
2655 5046 2898 5110 δέξασθε.
2932 5051 3028 5101 Ἂν
3064 5042 3120 5102 δέ
3150 5067 3200 5103 τι
3244 5053 3414 5117 ἄλλως
3460 5057 3588 5125 ὑμῖν
3642 5058 3766 5129 δόξῃ
3814 5040 3983 5123 dm;

2421 5135 2697 5202 γελθῆναι,
2733 5137 2839 5189 ἰδοὺ
2873 5137 3120 5207 ἑτοίμους
3144 5140 3287 5208 ἡμᾶς
3320 5146 3724 5215 προσφέρομεν,
3767 5146 3861 5208 ἕως
3908 5140 3977 5199 οὗ

786 5225 948 5278 modo
977 5235 1070 5277 aut
1104 5226 1232 5293 quid
1262 5227 1561 5291 loquamini
1592 5242 1608 5292 ;
1649 5225 1868 5280 dabitur
1908 5227 2053 5279 enim
2087 5227 2241 5280 vobis
2267 5228 2319 5279 in

2428 5220 2880 5294 «demanare.
2911 5230 3122 5297 πνεῦμα
3151 5231 3228 5300 τῷ
3255 5234 3370 5304 Θεῷ
3406 5236 3482 5302 τῷ
3508 5238 3786 5305 ποιήσαντι
3838 5236 3977 5291 αὐτὸ

781 5314 870 5366 illa
932 5313 1065 5367 hora
1121 5314 1250 5383 quid
1304 5316 1602 5384 loquamini
1626 5317 1690 5370 ".
1724 5334 1744 5367 ι
1774 5315 1854 5387 Ad
1904 5316 2319 5382 ostendendum,

784 5402 927 5468 quod
956 5403 1135 5457 omnia
1169 5419 1290 5473 quas
1338 5404 1675 5476 scripsimus,
1730 5415 1917 5461 sancto
1947 5406 2235 5475 Evangelio
2266 5416 2321 5461 et

790 5550 980 5677 19⁸⁸⁸11
1010 5550 1135 5609 Cor.
1166 5568 1218 5620 ν,
1251 5553 1306 5609 6.

2428 5320 2484 5370 ἐν
2506 5318 2569 5386 τῇ
2598 5316 2815 5388 βοηθείᾳ
2837 5322 2928 5372 καὶ
2958 5323 3023 5390 τῇ
3056 5308 3279 5391 δυνάμει
3329 5325 3422 5378 τοῦ
3453 5327 3716 5393 εἰπόντος,
3766 5345 3783 5379 ι
3804 5328 3975 5380 Ὀταν

2429 5410 2659 5480 σταθῆτε
2744 5411 2971 5467 ἐνώπιον
3022 5413 3281 5482 βασιλέων
3348 5420 3464 5481 ,καὶ
3556 5420 3837 5491 ἀρχόντων,
3890 5420 3976 5489 μὴ

1403 5553 1451 5590 ⁸⁸
1500 5556 1641 5614 Psal.
1683 5572 1894 5629 ιιηνι,
1926 5558 1979 5612 5.
2086 5559 2130 5591 ⁸⁵
2164 5559 2306 5615 Psal.

2411 5562 2647 5628 ulli,‘5.
2724 5564 2793 5633 ᾖν
2824 5563 2955 5617 ibid.
3030 5566 3108 5635 ι⁶¹
3147 5564 3286 5620 Tim.
3326 5582 3406 5633 ut,
3458 5569 3511 5623 4.
3618 5572 3663 5602 ⁸²
3695 5566 3869 5626 Matth.
3911 5583 3970 5635 κ,
