4180 6324
189 357 321 419 11ῖ7

1302 366 1397 425 DE
1436 368 1898 430 CONTEMNEN
1912 372 2001 430 DA
2044 360 2321 429 MORTE.

3290 362 3423 426 H78

183 472 294 539 γὰρ
329 471 440 533 τοῖς
491 471 693 539 χοίροις
739 468 1075 538 δικαιότερον
1123 472 1501 539 παρεικάζειν,
1550 472 1643 534 οὓς
1678 476 1745 540 τῇ

1850 476 2104 544 speciem.
2147 474 2278 527 Nam
2333 486 2437 540 qua
2489 470 2719 533 ratione,
2770 467 2918 536 jure,
2970 468 3129 521 homo
3186 467 3424 547 dicetur.

182 562 282 628 τῆς
312 562 517 631 τροφῆς
563 560 794 631 ἀφθονίᾳ
846 562 1147 623 πιαίνοντες
1183 562 1384 631 θύομεν
1412 578 1425 593 ο
1463 554 1662 631 μᾶλλον
1692 565 1747 616 δὲ

186 656 282 705 καὶ
308 654 417 705 τῶν
444 653 643 721 χοίρων
672 654 1107 722 ἀχρηστοτέρους
1134 652 1353 716 τούτους
1385 655 1747 722 ύποληπτέον.

187 742 311 797 Τῶν
348 747 446 813 μὲν
488 746 596 814 γὰρ
628 745 742 796 ἐστι
777 744 1033 807 πολλάκις
1077 747 1175 815 τῆς
1220 747 1584 817 πολυσαρκίας
1616 746 1750 800 ἀπό-

187 838 407 898 νασθαι,
441 826 645 904 ἀνδρὸς
693 835 748 888 δὲ
805 836 1002 888 ἑαυτὸν
1060 838 1539 907 κατασαρκοῦντος
1600 838 1750 889 οὐδὲν

150 925 421 993 ηδφελος*
474 915 619 996 πλὴν
666 926 719 978 εῐ
758 942 843 987 τις
900 926 1026 989 τοὺς
1070 926 1262 990 ἄλλους
1323 926 1751 995 σωφρονίζεσθαι

189 1017 543 1085 βουλόμενος,
568 1018 735 1083 λέγοι,
772 1018 828 1069 ὲν
868 1016 1013 1084 αύτῴ
1046 1017 1142 1088 τὴν
1183 1018 1281 1087 τῆς
1315 1020 1523 1087 τρυτῆς
1562 1020 1753 1086 αίσχύ-

189 1124 290 1175 νην
316 1107 739 1185 διδασκομένους
765 1125 778 1139 ·
806 1108 992 1178 ῶσπερ
1018 1110 1149 1177 φασὶ
1174 1112 1267 1161 καὶ
1295 1111 1750 1177 Λακεδαιμονίους

188 1202 259 1267 τῇ
287 1201 393 1252 τῶν
426 1199 678 1251 Emwa
722 1199 861 1269 μέθῃ
906 1204 1019 1261 τοῖς
1050 1202 1237 1253 παισὶν
1280 1201 1654 1253 ὑποδεικνύναι
1695 1201 1754 1252 τδ

187 1290 295 1357 τῆς
321 1292 533 1358 νήψεωε
560 1292 781 1357 ἀγαθόν.
831 1292 897 1345 Τί
933 1293 978 1343 δ’
1015 1293 1080 1345 ἀν
1124 1293 1269 1344 εἴποι
1303 1309 1382 1353 τις
1430 1293 1489 1343 τὸ
1522 1292 1619 1360 τῆς
1653 1309 1755 1359 μα-

188 1382 502 1439 ταιοπονίας
553 1380 754 1447 ταύτης
793 1380 1120 1449 ἀπέραντον,
1178 1381 1271 1431 καὶ⁵
1330 1381 1389 1432 τὸ
1438 1379 1755 1448 καθημέραν

189 1472 272 1532 είς
309 1471 399 1521 τὸν
446 1472 781 1539 τετρημένον
820 1471 1223 1537 ἀναγκάζεσθαι
1269 1472 1422 1523 πίθον
1459 1472 1691 1532 ἀντλεῖν,
1730 1472 1757 1522 ὃ

189 1576 244 1611 τι
275 1562 423 1621 τινὰς
458 1563 623 1628 φησιν
659 1564 686 1614 ὁ
736 1561 901 1630 μῦθος
936 1563 1353 1631 κατακριθῆναι,
1384 1566 1481 1614 οὐκ
1528 1562 1623 1615 οἷδ’
1651 1564 1677 1614 ὃ
1706 1579 1759 1614 τι

189 1649 324 1717 περὶ
364 1651 486 1711 τοὺς
546 1652 754 1702 ἑαυτῶν
789 1651 941 1712 θεοὺς
978 1654 1358 1721 ἁμαρτόνταςς
1413 1654 1533 1705 Ἔτι
1578 1653 1756 1705 τοίνυν

187 1740 273 1808 τῷ
311 1738 524 1811 θανάτῳ
562 1743 838 1809 μεμπτέον
884 1743 1057 1810 φάγον
1091 1744 1376 1811 ἄνθρωπον
1423 1743 1756 1812 ἀναιροῦντι,

1858 566 1940 618 cui
1969 566 2144 619 solum
2176 564 2301 632 quid
2328 563 2509 625 edere,
2540 561 2668 630 quid
2703 560 2889 613 bibere
2927 559 3081 621 velit,
3113 573 3259 612 cura:
3289 570 3372 611 est
3408 576 3422 611 :

1859 657 1925 710 de
1956 654 2326 707 ratiocinando
2362 664 2563 714 autem,
2601 661 2654 704 et
2696 650 2924 704 sciendo
2956 649 3111 717 plane
3156 650 3229 702 sit
3266 664 3417 701 secu-

1860 763 1952 800 rus
1967 747 1987 798 ?
2004 746 2134 799 Nam
2162 747 2205 799 is
2226 745 2402 814 porcis
2421 746 2619 796 rectius
2638 741 3058 810 comparabitur,
3080 755 3216 807 quos
3235 741 3430 808 pabulo

1858 839 2059 891 aﬂatim
2093 836 2380 905 przehendo
2399 835 2739 911 saginantes,
2767 842 3085 884 mactamus.
3116 831 3226 882 lmo
3250 832 3428 898 porcis

1859 930 2166 981 inutiliores
2192 927 2348 983 etiam
2372 923 2708 977 existimandi
2726 920 2873 975 sunt?
2891 922 3043 990 Smpe
3062 922 3203 973 enim
3236 935 3430 989 porco-

1866 1037 1983 1073 rmn
2019 1019 2201 1086 sagina
2258 1017 2355 1068 frui
2394 1016 2535 1067 licet.
2586 1014 2693 1067 Viri
2731 1023 2910 1064 autem
2945 1027 3065 1064 sese
3099 1028 3262 1064 carne
3294 1028 3427 1065 one-

1861 1113 2030 1165 rantis
2066 1110 2245 1161 nullus
2285 1123 2413 1160 usus
2462 1115 2588 1158 est:
2634 1104 2734 1156 nisi
2773 1104 2907 1157 alios
2952 1104 3220 1170 quispiam
3268 1105 3429 1156 casti-

1862 1217 1985 1271 gare
2017 1201 2223 1257 volens.
2257 1199 2323 1250 de
2357 1212 2421 1249 eo
2448 1198 2609 1249 verba
2652 1196 2831 1256 faciat,
2869 1204 3031 1262 atque
3094 1196 3144 1246 in
3182 1210 3245 1246 eo
3274 1196 3429 1247 luxu-

1862 1295 1955 1346 ria:
1982 1291 2212 1345 dedecus
2235 1296 2520 1342 Ostendat:
2538 1288 3006 1351 Qlletnadmtnluut
3034 1285 3427 1339 [θριιιίαέιιιυιιξὶ

1863 1383 2129 1436 feruntur.
2176 1396 2269 1446 per
2303 1378 2546 1430 llelotum
2578 1377 2676 1446 [sic
2708 1377 2853 1430 enim
2892 1377 2965 1428 illi
3011 1394 3105 1427 sua
3158 1379 3427 1445 mancipia

1862 1477 2043 1527 vocali.
2069 1470 2145 1543 ut]
2184 1472 2518 1529 ebrii-tatem,
2559 1469 2760 1533 liberis,
2813 1470 3123 1522 sobrietatis
3160 1482 3424 1536 przesmu-

1864 1564 1991 1617 tiam
2042 1562 2462 1638 demonstrasse.
2527 1560 2665 1624 Quid
2701 1575 2829 1612 vero
2874 1558 2941 1610 de
2992 1559 3167 1610 inanis
3233 1559 3429 1611 laboris

1865 1654 2020 1707 istius
2051 1633 2313 1706 infinitate
2343 1652 2584 1705 dicemus
2606 1692 2621 1715 ,
2653 1660 2703 1704 et
2741 1650 2808 1703 de
2878 1652 3199 1703 necessitate
3256 1651 3433 1719 quoii.

1866 1747 1955 1798 die
2031 1743 2285 1811 implendi
2352 1741 2605 1811 perforati
2661 1741 2790 1792 dolii
2840 1741 2863 1791 ?
2917 1757 3019 1809 qua
3084 1754 3241 1809 pruna
3290 1741 3431 1792 naul-

191 1833 290 1883 καὶ
313 1832 565 1900 τοιαύτης
593 1834 892 1902 ἀχρηστίας
930 1835 1020 1885 τὸν
1045 1836 1158 1903 βίον
1188 1833 1579 1905 ἐλευθεροῦντι,
1612 1837 1670 1886 ὄν
1698 1852 1760 1901 γε

1870 1848 2006 1891 tatas
2068 1852 2185 1889 esse
2249 1835 2535 1903 quasdam,
2588 1833 2773 1886 nescio
2837 1832 2907 1884 ob
2963 1835 3101 1897 quod
3157 1832 3335 1886 scelus
3376 1833 3429 1884 in

192 1924 292 1975 καὶ
337 1923 597 1976 δοκοῦντα
629 1926 745 1993 ζῇν,
789 1926 1152 1995 εὐλογώτερον
1186 1927 1249 1979 ἀν
1300 1944 1381 1987 τις
1416 1926 1559 1978 εἴποι
1591 1926 1770 1991 πάλαι

189 2013 472 2077 τεθνάναι,
494 2013 637 2065 οὕτω
663 2018 800 2085 πρὸς
830 2019 919 2069 τὸν
953 2019 1169 2084 λογικὸν
1198 2020 1311 2086 βίον
1337 2020 1592 2085 ἀκίνητον
1619 2017 1766 2081 ὄντα,

194 2105 297 2156 καὶ
329 2106 396 2172 τῇ
439 2109 655 2175 συνεχεῖ
695 2109 831 2177 μέθῃ
886 2111 1021 2177 πρὶς
1070 2112 1247 2163 πάντα
1296 2108 1769 2175 ἀναισθητοῦντα;

204 2194 350 2247 Ἀλλ’
377 2180 434 2248 ει·
458 2199 686 2266 μηδενὸς
710 2200 891 2260 ἄλλον,
923 2200 1115 2251 τούτου
1146 2217 1206 2267 γε
1234 2200 1403 2251 ἓνεκα
1427 2201 1516 2250 τὸν
1543 2186 1772 2251 θάνατον

192 2287 368 2355 ἐχρῆν
404 2289 699 2359 εὐεργέτην
747 2291 954 2354 καλεῖν,
1007 2291 1251 2342 ἐκποδὼν
1300 2291 1644 2357 ποιούμενον,
1675 2287 1770 2349 οὓς

191 2381 302 2443 τὴν
330 2380 503 2449 ἀρχὴν
558 2381 664 2432 ἔδει
716 2382 851 2451 μηδὲ
905 2384 1179 2449 γενέσθαι.
1222 2378 1401 2450 Οἶμαι
1439 2382 1516 2446 δὲ,
1553 2381 1675 2450 μηδ’
1704 2381 1770 2435 ἂν

193 2470 396 2532 αὐτοὺς
422 2472 685 2536 ἐκείνους,
720 2475 770 2525 εί
794 2490 857 2540 γε
894 2475 1208 2544 ἐκνήψαιεν,
1236 2475 1377 2542 ὑπὲρ
1418 2474 1628 2525 ἑαυτῶν
1662 2490 1765 2525 κα·-

192 2560 354 2614 κίσαι
401 2562 491 2613 τὸν
529 2564 781 2626 θάνατον,
843 2565 996 2633 μηδὲ,
1058 2566 1131 2626 ὡς
1187 2567 1521 2629 ἀδικοῦνται,
1579 2565 1768 2631 φάναι,

197 2649 281 2717 μὴ
312 2651 761 2720 συγχωρούμενοι
795 2652 1051 2722 τοιαύτην
1080 2654 1419 2722 ἀκαθαρσίαν
1449 2656 1657 2706 ἀσκεῖν.

1870 1930 2090 1981 maritos
2117 1942 2242 1979 suos
2272 1926 2640 1985 conuuissum,
2676 1922 2869 1975 tabula:
2907 1923 3214 1987 perhibent.
3263 1920 3431 1974 Nunt-

1867 2019 1994 2088 quid
2032 2033 2178 2071 mors
2223 2018 2523 2069 accusanda
2582 2024 2685 2075 est,
2724 2029 2847 2067 eum
2886 2028 3136 2065 voraccm
3194 2014 3429 2081 aliquem

1870 2109 2145 2163 hominem
2177 2108 2331 2169 tollit,
2364 2116 2417 2157 et
2466 2106 2625 2156 vitam
2661 2114 2768 2157 tam
2799 2104 2977 2157 inutili
3016 2104 3254 2172 pondere
3300 2106 3434 2157 libe-

1872 2210 1954 2253 rat
1990 2219 2002 2252 :
2035 2215 2193 2268 quem
2252 2200 2412 2250 etiam
2459 2197 2587 2248 dmn
2639 2196 2821 2248 vivere
2884 2196 3184 2258 videretur,
3233 2197 3433 2249 rectius

1869 2293 1977 2361 jam
2013 2293 2137 2342 olim
2165 2298 2434 2340 mortuum
2467 2286 2738 2340 dixisses?
2770 2295 2825 2338 ut
2858 2286 2947 2351 qui
2985 2286 3050 2337 ad
3080 2288 3265 2350 vitam,
3313 2296 3434 2353 qua:
3477 2328 3482 2333 .

1872 2379 2097 2432 rationis
2148 2378 2415 2445 particeps
2445 2387 2547 2438 cst,
2597 2374 2744 2427 nulla
2802 2374 3010 2428 ratione
3064 2376 3284 2445 perduci
3331 2392 3434 2445 po-

1871 2470 2129 2533 tuerit,et
2156 2467 2301 2520 omni
2337 2483 2515 2520 rerum
2541 2481 2725 2545 sensu,
2779 2466 2848 2519 ob
2898 2474 3211 2534 perpetuam
3253 2467 3433 2520 ebrie-

1871 2571 2035 2626 tatem
2061 2559 2317 2622 caruerit,
2350 2574 2411 2611 ac
2435 2574 2539 2610 non
2574 2558 2772 2625 potius,
2800 2559 2846 2610 si
2884 2560 2991 2609 non
3029 2557 3098 2609 ob
3131 2557 3299 2619 aliud,
3333 2548 3452 2611 hae'

1869 2652 2058 2704 saltt-m
2086 2652 2256 2719 gratia
2282 2650 2441 2702 morti
2477 2647 2696 2719 ageudze
2726 2648 2907 2719 gratia:
2941 2659 3147 2724 essent,
3182 2664 3304 2716 qua:
3335 2648 3435 2705 hos

192 2759 227 2797 e
281 2747 460 2801 medio
505 2749 679 2810 t'ollat.
738 2765 874 2818 quos
936 2765 1158 2818 prorsus
1206 2766 1274 2805 ne
1336 2751 1481 2803 nasci
1541 2750 1761 2819 quidem
1802 2747 2127 2816 Oportebat?
2184 2746 2253 2797 At
2293 2763 2358 2799 ne
2431 2747 2549 2798 illos
2604 2745 2753 2815 ipsos
2825 2745 3068 2813 quidem,
3127 2745 3171 2799 si
3221 2746 3439 2813 quando

192 2843 478 2912 erapulam
528 2844 967 2910 edormivissent,
1027 2848 1096 2901 de
1178 2855 1353 2900 morte
1405 2853 1801 2912 conquesturos
1836 2846 1959 2895 esse
1994 2849 2166 2909 puto,
2198 2853 2301 2892 nec
2333 2838 2525 2908 injuria
2594 2853 2654 2890 se
2704 2838 2842 2892 attici
2883 2836 3145 2902 dicturos,
3192 2853 3315 2892 cum
3364 2839 3435 2900 iis

192 2950 313 2989 non
342 2936 695 3000 concedatur,
730 2938 782 2989 in
817 2938 918 2991 hoc
947 2939 1231 2993 libidinum
1260 2955 1419 2993 emno
1450 2936 1701 2991 volutari.

807 3029 1055 3082 ΚΕΦΛΛ.
1086 3028 1161 3084 E'.

272 3121 338 3173 Τί
364 3119 411 3173 δ’
436 3119 502 3173 ἄν
529 3121 705 3181 εἴποις
742 3120 839 3183 τὰς
867 3119 1052 3186 ἄλλας,
1080 3125 1179 3184 τὶς
1209 3121 1393 3193 ὥσπερ
1424 3122 1526 3175 ἀπο
1557 3121 1761 3191 μητρός

192 3227 349 3270 τινος
397 3209 498 3277 τῆς
552 3209 764 3277 τρυφῆς
814 3212 1141 3281 τικτομένας
1197 3214 1432 3276 κακίας·
1483 3215 1616 3266 πᾶσι
1662 3215 1769 3281 γὰρ

197 3298 394 3369 σχεδὸν
419 3301 530 3360 τοῖς
555 3301 799 3368 αἰσχροῖς
839 3301 993 3369 παρά
1031 3302 1231 3371 ταύτης
1263 3305 1317 3354 αἱ
1352 3303 1631 3372 ἀφορμαί·
1675 3308 1768 3355 καὶ

195 3406 261 3443 το
301 3392 427 3452 τοὺς
454 3380 732 3454 ’παγέντας
757 3392 888 3462 ἡμῖν
911 3374 1015 3446 ὑπὸ
1040 3393 1137 3461 τῆς
1162 3395 1372 3462 φύσεως
1395 3397 1575 3464 ὅρους,
1603 3394 1771 3462 ὕπερ⁴

198 3483 492 3543 ϐαίνοντας
528 3472 1001 3552 τοῦξάνθρὼπους
1044 3486 1123 3547 εἰς
1160 3485 1254 3537 τὸν
1288 3486 1395 3537 τῶν
1442 3484 1768 3554 ἀκαθάρτων

200 3570 410 3638 ἡδονῶν
446 3569 744 3637 ἐμπίπτειν
793 3573 1059 3641 κρημνὸν,
1103 3567 1176 3625 ὧν
1222 3576 1332 3636 τοῖς
1366 3573 1765 3642 κατηγοροῦσιν

198 3659 360 3729 οἶμαι
393 3662 486 3713 καὶ
513 3660 683 3730 μόνην
712 3661 810 3732 τὴν
841 3665 1063 3732 μνήμην
1092 3665 1357 3732 αίσχύνην
1390 3664 1456 3716 ἂν
1486 3666 1765 3731 ὲνεγκεῖνς

198 3750 658 3821 Δυσχερανοῦμεν
688 3748 803 3815 οὖν,
854 3754 903 3806 εί
956 3754 1032 3823 μὴ
1081 3756 1175 3807 καὶ
1207 3755 1474 3817 ἀθάνατος
1506 3756 1533 3807 ὁ
1561 3758 1767 3825 μοιχὸς,

200 3846 301 3899 καὶ
322 3843 402 3911 τῷ
430 3844 766 3916 παιδεραστῇ
809 3845 1170 3912 συνευξάμεθα
1215 3848 1315 3915 τὴν
1342 3847 1492 3900 νόσον
1522 3848 1601 3908 είς
1632 3846 1771 3899 ἀπέ-

202 3950 403 4007 ραντον
440 3934 862 4002 παρατείνεσθαι
889 3949 905 3965 ο
933 3934 965 4003 ἢ
1000 3936 1094 3987 καὶ
1120 3936 1219 3999 τὰς
1247 3935 1387 4005 ὑπὲρ
1413 3936 1524 3988 τῶν
1550 3936 1773 4006 χρημά-

201 4027 316 4079 τῶν
340 4024 654 4091 ἐπιϐουλὰς,
694 4027 788 4079 καὶ
836 4022 1190 4093 φιλονεικίας,
1249 4030 1341 4081 καὶ
1393 4029 1642 4095 φθόνους,
1676 4028 1772 4080 καὶ

202 4117 333 4178 τοὺς
365 4115 503 4185 ὑπὲρ
529 4117 629 4185 τῆς
652 4116 1001 4186 παντοδαπῆς
1025 4117 1335 4182 πλεονεξίας
1360 4118 1647 4187 πολέμους,
1676 4118 1771 4183 οὓς

201 4208 441 4277 φανερὸν
469 4208 579 4261 τῶν
618 4208 820 4276 ἡδονῶν
864 4209 1045 4261 εἵνεκα
1073 4212 1201 4272 τοὺς
1248 4210 1566 4279 ἀνθρώπους
1597 4214 1771 4281 αἱρεῖ-

203 4300 359 4363 σθαι,
406 4298 613 4361 ἀῖδίους
665 4294 803 4351 εἶναι
859 4298 1197 4367 θελήοομεν;
1255 4299 1442 4367 ὥσπερ
1503 4300 1598 4352 τοῦ
1652 4299 1769 4370 βίου

206 4392 382 4462 μηδὲν
411 4378 602 4459 δφελος
654 4390 734 4454 ὃν,
782 4390 849 4442 ἂν
887 4392 960 4458 μὴ
1010 4391 1252 4459 συνεχῶς
1283 4390 1496 4456 μεγάλα
1526 4391 1671 4444 κακὲ
1705 4392 1771 4444 τὰ

207 4478 606 4551 μὲνῖποιῶμεν,
633 4480 700 4534 τὰ
740 4481 795 4534 δὲ
826 4483 1145 4549 πάσχωμεν,
1186 4480 1283 4533 καὶ
1326 4483 1391 4550 τῇ
1437 4481 1772 4550 πολυμόρφῳ

205 4572 384 4645 κακίᾳ
412 4574 481 4626 τά
511 4575 758 4643 ἡμέτερα
791 4574 968 4628 αὐτῶν
998 4572 1396 4642 ἐπιτρέψωμεν.
1427 4568 1589 4623 ἰλιιλῶ
1621 4570 1779 4623 τοῦτο

205 4665 261 4719 τί
293 4664 417 4717 ποτ’
448 4666 599 4717 ἐστὶν
629 4663 837 4731 ἕτερον,
872 4663 905 4733 ἦ
943 4663 1004 4716 τὸ
1034 4664 1130 4733 μὲν
1158 4663 1327 4716 κακὸν
1364 4660 1776 4730 συμϐουλεύειν,

206 4756 272 4809 τ’)
316 4755 375 4808 δὲ
411 4756 616 4823 ἀγαθὸν
664 4755 843 4822 φυγῆς
894 4756 989 4806 καὶ
1032 4754 1254 4823 ἀτιμίας
1292 4754 1667 4822 τιμήσασθαι;
1707 4753 1776 4805 Ἦ

120 4854 127 4859 ’
205 4840 393 4899 τοίνυν
418 4845 641 4913 ἀναίδην
672 4843 872 4903 οςδτωσὶ
898 4845 997 4911 τὴν
1029 4844 1221 4912 ἡδονὴν
1249 4838 1385 4895 εῖναι
1422 4844 1621 4911 φατέον
1650 4842 1778 4893 τάν-

158 5002 161 5003 ν
208 4936 488 5006 θρώπινον
522 4938 745 5005 ἀγαθὸν,
778 4934 975 5005 ἀρετὴν
1016 4934 1095 5001 δὲ,
1125 4937 1219 4988 καὶ
1265 4937 1476 5002 σοφίαν.
1517 4935 1611 4986 καὶ
1652 4935 1776 4984 ἐπι-

208 5028 454 5097 στήμην,
479 5029 640 5095 λόγου
662 5029 823 5098 χάριν
844 5028 937 5080 καὶ
966 5026 1297 5095 εὐπρεπείας
1325 5026 1483 5094 μόνον
1505 5024 1776 5093 εἰρῆσθαι,

212 5123 317 5172 καὶ
337 5104 461 5172 τύτε
491 5123 587 5174 καὶ
618 5121 695 5190 τῷ
724 5119 939 5188 θανάτῳ
988 5118 1266 5187 μεμπτέον
1295 5117 1363 5170 τά
1400 5117 1659 5170 κάλλιστα
1685 5115 1781 5167 καὶ

207 5212 527 5281 τιμιώτατα
578 5212 735 5281 ἡμῶν
792 5211 1153 5281 ἀφαιροῦντι;
1211 5213 1268 5279 ἢ,
1303 5211 1621 5280 νομίζοντας
1672 5207 1779 5259 τῶν

210 5302 423 5372 ἡδονῶν
461 5300 563 5364 τὰς
603 5290 703 5370 μὲν
757 5305 823 5372 τῇ
870 5302 1017 5373 ψυχῇ
1075 5302 1255 5372 λώϐην
1310 5301 1569 5370 ἄντικρυς
1616 5296 1778 5365 εῖναι,

210 5392 315 5445 καὶ
354 5374 443 5461 τῇΝ
472 5377 625 5462 κοινῇ
677 5379 785 5444 τῶν
833 5393 1139 5459 ἀνθρώπων
1198 5392 1440 5463 πολιτείᾳ
1498 5391 1780 5453 παντελῶς

211 5485 639 5546 ἐναντιωτάτας,
669 5485 767 5546 τὰς
804 5484 859 5535 δὲ
894 5486 986 5536 καὶ
1030 5486 1209 5547 αὐτὰς
1234 5485 1385 5536 οὐδὲν
1433 5479 1595 5553 ἦττον
1650 5484 1779 5546 βλάο

210 5589 378 5628 πτειν
412 5574 734 5643 δυναμένας,
766 5575 830 5627 ἂν
858 5576 918 5627 τὸ
964 5578 1115 5644 παρὰ
1141 5576 1235 5628 τοῦ
1283 5577 1441 5643 λόγου
1474 5578 1671 5645 μέτρον
1704 5575 1779 5646 μὴ

212 5663 649 5733 καταδέχωνται,
689 5666 809 5717 οὐδὲ
850 5668 941 5718 τὸν
985 5667 1212 5719 θάνατον
1251 5668 1529 5730 παντελῶς
1578 5670 1779 5737 ἀτιμα-

215 5756 405 5820 "iw,
457 5755 567 5809 οὔδ’
611 5753 682 5818 ῶς
741 5774 794 5810 τι
847 5757 951 5812 τῶν
1002 5756 1277 5829 βλαϐερῶν
1327 5762 1621 5829 φευκτέον·
1665 5760 1781 5816 ἀλλ’

2465 3028 2694 3085 CAPUT
2768 3029 2832 3082 Υ.

1946 3120 2085 3186 Quid
2106 3136 2233 3174 vero
2258 3120 2325 3174 de
2349 3120 2569 3189 reliquis
2599 3124 2748 3176 vitiis
2778 3124 2949 3187 dicas,
2975 3141 3094 3192 quae
3142 3140 3171 3177 a
3202 3124 3437 3188 deliciis,

1875 3211 2039 3263 veluti
2091 3218 2257 3263 matre
2293 3212 2563 3271 oriuntur,
2612 3212 2867 3267 omnibus
2924 3215 3067 3266 enim
3121 3200 3255 3267 fere.
3287 3215 3437 3285 ﬂagi-

1874 3305 1965 3357 tiis
2002 3320 2186 3357 ansam
2219 3305 2329 3357 hate
2362 3306 2625 3372 praebent,
2665 3316 2760 3358 aut
2812 3306 2879 3359 de
2902 3321 2976 3359 eo
3008 3307 3151 3373 quod
3188 3307 3436 3360 homines

1878 3394 2033 3446 nobis
2055 3409 2082 3446 a
2110 3406 2297 3447 natura
2320 3396 2561 3459 pra-ﬁxos
2589 3394 2790 3449 limites
2824 3397 3308 3460 transilientes,.iu
3339 3396 3443 3449 im-

1878 3482 2133 3554 pdrarutn
2170 3481 2501 3552 voluptatum
2543 3468 2899 3555 praecipitium
2938 3488 3224 3541 int-iduul?
3282 3505 3437 3555 quas,

1878 3591 1935 3631 ut
1981 3579 2228 3639 arbitror,
2279 3580 2364 3644 qui
2415 3578 2841 3646 reprehendunt.
2898 3572 2989 3632 vel
3045 3582 3156 3633 sola
3215 3579 3431 3633 illarum

1878 3668 2387 3721 commemoratione
2445 3671 2790 3720 erubescunt.
2846 3669 2985 3751 Ergp
3026 3671 3249 3722 moleste
3292 3670 3439 3724 fere-

1879 3775 2021 3819 mus,
2053 3758 2095 3811 si
2148 3759 2356 3811 adulter
2400 3774 2506 3811 non
2558 3761 2626 3811 sit
2660 3760 3013 3813 iunnortalis?
3066 3769 3120 3813 et
3150 3776 3253 3812 una
3314 3776 3438 3813 cum

1878 3864 2168 3917 puerorum
2198 3857 2435 3903 amatore
2481 3859 2601 3901 vota
2630 3849 2913 3909 faciemus.
2968 3858 3024 3902 ut
3055 3850 3277 3903 morbus
3322 3851 3438 3919 ejus

1880 3939 1934 3992 in
1968 3939 2235 3992 inﬁnitum
2277 3938 2644 4006 producatur?
2692 3948 2785 3991 aut
2817 3940 2977 3991 etiam
3009 3938 3257 4001 insidias,
3320 3953 3441 4006 qua:

1880 4031 2123 4099 pecuniae
2152 4030 2467 4095 tenduntur,
2496 4040 2549 4082 et
2568 4023 2969 4090 contentiones.
2989 4038 3043 4082 et
3077 4030 3328 4092 invidias,
3386 4038 3443 4084 et

1883 4123 2130 4185 bella,ob
2162 4122 2310 4175 varia
2370 4123 2553 4189 iniqua
2585 4122 2730 4175 lucra
2778 4122 2979 4190 suscipi
3041 4121 3198 4175 solita
3268 4124 3439 4189 (lucra

1879 4230 2010 4268 vero
2039 4223 2258 4283 propter
2295 4213 2596 4281 voluptates
2626 4213 2692 4265 ab
2726 4213 3041 4266 hominibus
3091 4215 3275 4281 appeti
3303 4228 3442 4266 con-

1881 4306 2010 4370 stat)
2047 4314 2246 4357 :eterna
2267 4318 2388 4357 esse
2426 4303 2693 4356 velimus?
2736 4305 2888 4371 quasi
2952 4320 3079 4357 vero
3130 4305 3250 4356 vita:
3293 4304 3441 4357 nulla

1882 4397 1954 4449 sit
1981 4396 2204 4459 utilitas,
2234 4394 2337 4447 nisi
2368 4396 2708 4447 continenter
2739 4409 2929 4461 magna
2980 4386 3120 4447 mala
3154 4396 3286 4447 alias
3342 4395 3441 4447 de-

1802 4508 1854 4568 ι)
1881 4504 2019 4548 mus.
2048 4488 2180 4540 alias
2215 4488 2472 4548 feramus,
2504 4496 2560 4539 et
2607 4502 2692 4541 res
2751 4498 2967 4539 nostras
3016 4488 3067 4539 iu
3127 4487 3443 4556 multiplicis

1880 4579 2191 4640 vitiositatis
2258 4586 2578 4646 [νοιίιδιςιια-ιιι
2631 4579 3034 4645 permittamus.
3101 4576 3298 4633 Verum
3336 4578 3441 4631 hoc

1846 4704 1853 4714 ι
1880 4671 2007 4741 quid
2028 4672 2239 4725 tandem
2273 4681 2355 4726 est
2384 4671 2548 4731 aliud,
2570 4686 2727 4737 quam
2757 4671 2894 4722 malo
2912 4672 3236 4725 senatoriam
3261 4680 3447 4723 aucto-

1883 4765 2091 4833 ritatem
2118 4762 2378 4822 tribuere,
2410 4761 2609 4813 bonum
2642 4769 2822 4812 autem
2848 4760 3041 4813 exsilio
3097 4770 3152 4814 et
3195 4761 3440 4829 ignomi-

1880 4856 1969 4907 nia
2002 4855 2270 4907 multare?
2324 4855 2430 4906 Aut
2462 4854 2621 4923 igitur
2669 4863 2855 4920 aperte
2908 4852 3045 4905 adeo
3077 4853 3441 4921 pronuntian-

1818 5000 1819 5003 η
1882 4949 2011 5001 dum
2042 4955 2144 5011 est,
2178 4948 2501 5014 voluptatem
2528 4945 2762 4998 hominis
2820 4960 2941 4998 esse
3000 4946 3200 4997 bonum
3232 4962 3246 4996 :
3278 4945 3443 4997 virtu-
3470 5004 3475 5007 _

1883 5045 1990 5090 tem
2052 5046 2231 5090 autem
2290 5044 2345 5087 et
2396 5028 2740 5104 sapientiam,
2784 5041 2839 5087 et
2920 5033 3228 5095 scientiam,
3284 5034 3441 5087 verbi

1881 5135 2091 5181 tantum
2147 5126 2339 5196 gratia,
2387 5136 2441 5180 et
2491 5136 2710 5193 promer
2754 5125 2989 5193 speciem
3044 5108 3333 5187 nominari,
3385 5135 3441 5177 et

1884 5224 2012 5267 tunc
2033 5214 2193 5267 morti
2219 5214 2622 5282 exprobandum
2658 5225 2762 5276 est,
2801 5230 2921 5283 quae
2947 5230 3031 5279 ea,
3080 5230 3199 5281 qua:
3233 5223 3289 5267 et
3311 5199 3437 5281 pul-

1880 5303 2152 5359 cherrima
2184 5312 2237 5356 et
2267 5303 2658 5372 pretiosissima
2691 5304 3001 5367 habeamus,
3029 5305 3253 5357 adimat.
3306 5306 3433 5367 Aut,

1881 5396 1928 5449 si
1952 5393 2210 5464 quasdam
2262 5394 2567 5462 voluptates
2604 5394 2910 5447 evidentem
2975 5384 3282 5448 animorum
3315 5410 3438 5448 esse

1879 5486 2196 5557 perniciem,
2255 5487 2648 5551 existimemus,
2708 5497 2763 5542 et
2819 5488 3094 5541 communi
3145 5483 3440 5539 hominum

1882 5581 2005 5632 vita:
2025 5579 2093 5633 ab
2143 5578 2293 5632 omni
2318 5589 2469 5648 parte
2516 5578 2930 5633 adversissimas
2967 5595 2981 5629 :
3012 5579 3146 5633 alias
3193 5588 3246 5632 et
3292 5578 3441 5647 ipsa.

1883 5668 2235 5723 nihilominus
2291 5669 2481 5722 obesse
2519 5682 2698 5738 posse,
2745 5669 2849 5723 nisi
2888 5680 3047 5723 recta:
3081 5668 3303 5722 rationis
3353 5683 3439 5721 ro-

1883 5761 1999 5832 gula
2024 5759 2342 5814 adhibeatur
2377 5776 2391 5812 :
2429 5774 2603 5829 neque
2628 5774 2772 5814 mors
2806 5761 3026 5830 penitus
3088 5758 3309 5815 infamia
3333 5773 3434 5812 uo-
