4180 6324
106 418 282 534 ’1197

140 679 204 730 ού
241 675 428 738 καλοῦ,
460 674 622 742 σοφξς
653 689 732 734 τις
762 670 889 739 ἔφη,
937 671 1064 738 περὶ
1094 670 1184 722 τοῦ
1221 670 1426 738 κόσμου
1456 668 1701 736 διαλεγό-

149 785 333 836 μενος.
362 767 540 834 Χο›ρ“ες
575 765 630 816 δὲ
659 762 861 815 τούτων
891 764 981 816 καὶ
1011 762 1109 830 τὴν
1140 762 1298 829 φύσει
1329 763 1421 812 καὶ
1463 764 1704 813 κοινοτά-

143 875 246 926 την
277 856 569 924 ἐπιθυμίαν
597 854 696 906 ούκ
740 854 915 906 ινεστι
948 852 1122 920 μάτην
1149 848 1311 907 εἶναι.
1346 853 1449 903 Καὶ
1495 853 1702 918 τεκμή-

149 962 286 1015 ριον,
316 948 396 999 ὅτι
431 944 540 997 τῶν
567 944 841 996 ἀδυνάτων
863 943 1038 1002 οὐδεὶς
1072 940 1281 994 πώποτ’
1326 941 1561 1008 ἠράσθη.
1608 942 1702 1001 Τίς

145 1038 258 1107 γὰρ
289 1036 506 1088 πώποτε
554 1034 768 1104 φρονῶν
811 1033 1023 1102 πτερῶν
1055 1032 1426 1099 ἐπεθύμησεν,
1477 1031 1506 1098 ἢ
1565 1031 1702 1096 ὑπὲρ

146 1133 243 1187 τὰς
300 1125 525 1192 νεφέλας
580 1125 834 1193 ἀρθῆναι,
870 1124 901 1192 ἢ
951 1124 1037 1174 διὰ
1073 1122 1354 1187 κυμάτων,
1386 1123 1457 1182 ὼς
1489 1120 1554 1171 δι’
1583 1120 1703 1172 ἐδά-

148 1235 304 1285 φους,
340 1220 694 1286 περιπατεῖν;
746 1215 779 1268 ἂ
829 1214 931 1268 κᾶν
962 1231 1043 1275 τις
1079 1213 1210 1282 ὄναρ
1273 1213 1393 1264 ίδὼν
1424 1211 1699 1279 διηγῆται,

149 1306 421 1375 γελῶμεν.
462 1306 620 1356 Ἀλλὰ
650 1305 756 1355 τῶν
787 1304 1028 1356 δυνατῶν
1067 1304 1226 1370 μόνον
1263 1301 1501 1370 δρεξινή
1540 1299 1700 1369 φύσις

148 1399 432 1464 ἐνέθηκεν.
489 1393 795 1462 Τοιγαροῦν
851 1385 911 1445 οὗ
962 1392 1120 1460 φύσει
1184 1392 1382 1452 πάντες
1437 1389 1698 1456 ἐφίενται,

148 1485 306 1538 τοῦτο
341 1492 431 1537 καὶ
455 1487 604 1554 παρὰ
629 1486 726 1552 τῆς
771 1485 985 1551 φύσεως
1017 1484 1110 1534 καὶ
1172 1483 1346 1550 μάτην
1384 1477 1527 1533 εἶναι
1574 1478 1702 1532 ἁδύ-

150 1592 332 1628 νατον.
375 1576 532 1627 Ἀλλὰ
568 1575 675 1644 μὴν
699 1576 753 1625 ὲν
785 1578 850 1642 τῇ
885 1574 976 1626 τοῦ
1009 1574 1097 1625 ἀεὶ
1121 1569 1256 1625 εἶναι
1282 1574 1542 1643 ἐπιθυμίᾳ
1569 1575 1702 1626 πάν-

149 1677 238 1724 τες
264 1661 670 1729 συμϐαίνουσιν.
690 1658 898 1713 Οὐκοῦν
917 1661 1129 1728 ἀνάγκη
1155 1659 1312 1711 τοῦτο
1342 1660 1436 1711 καὶ
1459 1660 1697 1722 ἔσεσθαι,

151 1753 241 1803 καὶ
268 1752 365 1820 τὴν
395 1754 471 1820 τῷ
512 1753 595 1804 ἀεὶ
656 1733 1023 1819 συνεχομένην
1078 1750 1251 1819 ψυχὴν
1295 1750 1557 1802 ἀδύνατον
1603 1752 1699 1818 τῆς

149 1838 316 1907 εὐχῆς
365 1841 652 1908 ἁμαρτεῖν.

1223 465 1318 524 DE
1359 462 1811 523 CONTEMNEN
1824 462 1920 520 DA
1963 458 2246 519 MORTE.

141 585 431 653 λουθῆσαι.
468 582 627 635 Ἀλλὰ
659 579 763 650 μὴν
790 580 850 631 τὸ
882 579 1057 641 καλῶς
1092 579 1293 631 συστὰν
1326 580 1474 630 λύειν
1498 579 1704 629 ἐθέλειν
1735 618 1743 640 Α

1807 575 2063 630 credibile
2119 575 2210 637 sit,

3233 449 3365 513 1193

2291 573 2602 627 ostendunt.
2638 572 2789 635 Quod
2825 573 2868 624 si
2926 568 3203 638 probabile
3259 579 3362 628 est,

1807 666 2021 718 initium
2057 664 2383 734 respondere
2418 663 2529 725 lini,
2573 676 2916 730 consequens
2940 661 3104 712 etiam
3143 669 3241 724 est,
3306 661 3354 709 id

1805 759 1948 826 quod
1981 759 2147 810 solius
2192 756 2281 809 Dei
2343 755 2615 808 voluntate
2655 755 2857 822 absque
2895 753 3118 805 materia
3184 761 3360 803 Ot‘lttltt

1804 859 1906 909 est,
1939 848 2105 900 Solius
2135 849 2295 900 etiam
2341 844 2430 896 Dei
2468 845 2740 895 voluntate
2781 843 3148 895 interiturum.
3201 843 3361 908 Atqui

1804 939 1854 991 id
1885 938 2018 990 velle
2052 938 2278 998 solsere,
2304 936 2444 1003 quod
2485 937 2620 988 bene
2674 936 3031 1002 compositum
3087 943 3189 993 cst,
3255 949 3360 983 nnn

1805 1044 1922 1082 esse
1973 1029 2122 1092 boni,
2163 1028 2379 1093 quidam
2420 1027 2649 1094 sapiens,
2688 1041 2807 1079 Cum
2861 1026 2924 1076 de
2960 1024 3160 1077 mundo
3195 1024 3368 1074 disse-

1805 1130 1966 1179 reret,
2011 1119 2162 1171 dixit.
2201 1120 2464 1170 Praeterea
2497 1117 2607 1169 ﬁeri
2653 1133 2757 1169 non
2795 1128 2988 1184 potest,
3021 1128 3074 1167 ut
3111 1115 3366 1168 namralis

1803 1222 1856 1262 et
1881 1210 2324 1262 communissima
2352 1209 2611 1277 appetitio
2636 1208 2834 1260 frustra
2874 1210 2943 1259 sit
2977 1208 3168 1259 indita.
3209 1205 3366 1273 Ejus-

1804 1313 1908 1368 que
1941 1301 2016 1352 rei
2049 1309 2547 1364 argumentuntest,
2577 1300 2702 1367 quia
2763 1313 2923 1350 nemo
2993 1314 3224 1365 unquam
3283 1315 3365 1357 ca,

1804 1405 1921 1458 qua:
1956 1390 2067 1443 ﬁeri
2108 1405 2212 1442 non
2263 1399 2509 1458 possunt,
2552 1389 2836 1457 appetit-it.
2889 1388 3018 1451 Quis
3064 1390 3206 1440 enim
3271 1404 3370 1439 titi-

1802 1495 1960 1548 quam
2026 1480 2220 1533 mentis
2275 1494 2516 1547 compos,
2563 1480 2785 1546 cupidus
2835 1478 2933 1531 luit
2987 1479 3229 1529 alarum?
3280 1489 3371 1529 aut

1803 1587 1963 1637 supra
1993 1574 2166 1626 nubes
2196 1587 2252 1626 se
2286 1571 2441 1623 tolli?
2471 1582 2560 1624 aut
2607 1587 2703 1640 per
2737 1571 2927 1624 fluctus
2976 1581 3225 1639 tanquam
3277 1586 3370 1637 per

1801 1662 1970 1714 solum
2003 1662 2458 1732 ambulare?qua:
2495 1663 2536 1716 si
2569 1663 2690 1730 quis
2723 1664 2804 1714 vel
2842 1664 2896 1715 in
2925 1679 3116 1717 somno
3160 1676 3366 1715 tantmn

1805 1754 1915 1804 visa
1947 1754 2198 1817 narrarit,
2230 1754 2494 1809 ridemus.
2552 1754 2682 1807 Nam
2747 1769 2936 1808 eorum
2987 1764 3196 1807 tantum
3249 1772 3367 1822 qua:

1803 1844 2112 1914 contingere
2147 1857 2392 1913 possunt,
2434 1856 2623 1899 natura
2687 1848 2983 1916 appetitum
3022 1848 3233 1899 indidit.
3264 1848 3371 1900 lta-

149 1946 253 1999 que
283 1933 424 1999 quod
455 1933 590 1984 duce
616 1947 803 1985 oumes
835 1942 1026 1985 natura
1069 1941 1349 2002 appetunt,
1401 1931 1450 1986 id
1523 1941 1581 1985 ut
1648 1945 1832 1987 contra
1894 1946 2140 1990 naturam
2178 1945 2231 1990 ct
2272 1938 2468 1991 frustra
2501 1939 2591 2000 sit,
2624 1938 2738 1990 ﬁeri
2783 1949 3134 2008 non_pntest.
3173 1937 3368 1990 Verum

148 2025 204 2077 in
250 2024 620 2091 perpetuitatis
677 2024 999 2092 cupiditates
1088 2040 1278 2079 omnes
1335 2024 1704 2079 consentiunt.

1783 2027 2016 2082 Necesse
2069 2030 2231 2100 igitur
2272 2041 2377 2092 est,
2426 2042 2535 2082 tum
2604 2031 2702 2083 lioc
2761 2030 3002 2083 futurum
3058 2046 3197 2095 case,
3254 2043 3365 2083 tum

152 2119 263 2172 ﬁeri
297 2135 398 2173 non
441 2135 619 2189 posse,
651 2131 708 2173 ut
741 2121 952 2173 animus
982 2136 1101 2174 cum
1152 2121 1453 2174 :eternitate
1479 2122 1822 2190 coniunctus,
1858 2133 1982 2176 voto
2009 2122 2324 2178 frustretur.

728 2216 1131 2282 KE¢AA.tqz

220 2307 334 2358 Οὐκ
367 2306 473 2376 ἄρα
522 2305 648 2358 νοῦν
683 2308 913 2377 ἐχόντων
949 2309 1008 2359 τὸ
1060 2310 1188 2376 περὶ
1237 2314 1302 2380 τῇ
1360 2311 1505 2380 ψυχῇ
1539 2310 1698 2363 τινῶν

151 2398 290 2458 δέος,
327 2401 400 2466 μὴ
438 2403 575 2466 μετὰ
601 2398 692 2450 τοῦ
720 2400 970 2464 σώματος
1005 2400 1361 2469 ἀπολλύηται,
1403 2405 1492 2453 καὶ
1517 2403 1698 2454 οὐκέτι

151 2491 386 2559 οὐδαμοῦ
541 2492 616 2545 Οὐ
669 2494 776 2560 γὰρ
830 2492 987 2559 μόνον
1037 2493 1266 2555 σώζεται
1316 2494 1695 2562 φθειρομένου,

153 2583 284 2634 ἀλλὰ
321 2582 387 2634 τὰ
412 2584 610 2650 ἑαυτῆς
641 2585 900 2651 πράττειν
945 2583 1206 2653 καθαρῶς
1250 2586 1346 2653 οὐχ
1391 2587 1476 2638 οἶα
1516 2603 1601 2650 τε,
1635 2588 1699 2637 ἂν

160 2674 232 2741 μὴ
266 2675 372 2725 τῶν
401 2676 550 2743 παρὰ
589 2675 681 2727 τοῦ
723 2677 975 2743 σώματος
1020 2677 1360 2743 κωλυμάτων
1389 2679 1696 2748 ἀπαλλαγῇ.

159 2761 226 2811 Τὸ
258 2762 363 2826 γὰρ
388 2764 625 2829 φρονεῖν,
652 2763 744 2814 καὶ
773 2765 936 2824 νοεῖν,
961 2764 1053 2815 καὶ
1091 2766 1201 2827 τοῖς
1231 2764 1395 2827 θείοις
1431 2767 1523 2816 καὶ
1556 2767 1698 2816 ἀσω-

160 2851 348 2917 μάτοις
387 2852 772 2916 συνάπτεσθαι,
804 2853 832 2909 ὃ
879 2854 940 2921 δὴ
976 2853 1115 2905 κατὰ
1149 2857 1314 2922 φύσιν
1358 2856 1502 2926 πάσῃ
1530 2856 1697 2925 ψυχῇ,

158 2943 250 2992 καὶ
279 2942 414 3009 πρὸς
447 2942 474 2993 ὃ
509 2941 689 3005 πάνθ’,
716 2942 752 2994 θ.
797 2944 1028 3010 λέγομεν
1063 2948 1156 2996 καὶ
1181 2946 1566 3013 διανοούμεθα,
1591 2950 1701 2999 τεί-

157 3050 254 3094 νει,
290 3033 363 3092 ὡς
393 3033 456 3085 ἂν
483 3033 592 3084 τῶν
627 3035 681 3085 ὲν
716 3034 847 3102 ἡμῖν
885 3033 1109 3101 ἄριστον
1150 3029 1211 3086 ὃν
1260 3037 1353 3088 καὶ
1388 3037 1698 3090 θειότατον·

157 3123 311 3175 τοῦτο
348 3123 620 3185 παντελῶς
647 3123 836 3190 φεύγει
875 3125 963 3192 τὴν
989 3124 1081 3175 τοῦ
1109 3123 1358 3196 σώματος
1392 3128 1698 3192 κοινωνίαν,

159 3214 249 3264 καὶ
285 3214 452 3280 μόνης
483 3212 660 3282 ψυχῆς
708 3214 870 3281 εργον
897 3217 1032 3281 ἐστὶ,
1095 3215 1351 3285 καθαρῶς
1397 3217 1568 3285 αὐτὴν
1596 3219 1704 3270 ἀπὸ

160 3303 253 3356 τοῦ
282 3305 528 3370 σώματος
559 3305 692 3370 πρὸς
712 3294 908 3374 ἑαυτὴν
932 3307 1024 3358 καὶ
1046 3305 1115 3358 τὰ
1143 3308 1306 3373 νοητὰ
1341 3309 1698 3372 συναγούσης.

162 3393 219 3443 Εἰ
246 3395 353 3459 γάρ
385 3409 512 3445 ποτε
564 3395 656 3445 καὶ
691 3396 809 3457 ταῖς
861 3395 1146 3462 αἰσθήσεσι
1185 3393 1407 3462 χρῆται,
1453 3395 1705 3445 κάκεῖθεν

162 3483 295 3550 αὐτῇ
332 3482 463 3550 πρὸς
501 3483 560 3535 τὺ
604 3487 744 3537 νοεῖν
791 3484 1030 3553 γίνονται
1073 3485 1215 3546 τινὲς
1268 3485 1535 3552 ἀφορμαὶ,
1593 3485 1706 3538 ἀλλ’

2409 2219 2634 2274 CAPUT
2698 2219 2834 2274 XVI.

1876 2307 2214 2378 Quapropter
2243 2326 2350 2364 non
2393 2313 2740 2365 cordatornm
2780 2310 3055 2364 hominum
3083 2321 3185 2372 est,
3237 2326 3368 2377 quii-

1808 2403 2050 2452 rutndam
2083 2403 2149 2454 de
2178 2403 2356 2454 animo
2407 2418 2597 2470 angor,
2651 2420 2718 2456 ne
2773 2403 2909 2455 forte
2975 2417 3096 2456 eum
3138 2417 3367 2469 corpore

1807 2492 2210 2559 exstinguatur,
2239 2501 2292 2545 et
2332 2508 2551 2560 usquam
2586 2507 2705 2546 esse
2755 2494 2987 2547 desinat.
3052 2493 3165 2546 Non
3225 2494 3368 2545 enim

1806 2581 2091 2635 incolumis
2126 2593 2354 2642 tantum,
2395 2583 2485 2636 illo
2539 2593 2822 2650 pereunte,
2888 2591 3086 2644 manet,
3131 2583 3221 2634 sed
3271 2599 3368 2634 suo

1807 2687 2030 2725 munere
2058 2683 2202 2726 recte
2227 2673 2372 2741 fungi
2402 2689 2508 2725 non
2552 2683 2749 2740 potest,
2787 2673 2888 2725 nisi
2938 2673 3215 2739 corporeis
3263 2673 3368 2723 im-

1808 2761 2131 2828 pedimentis
2157 2763 2432 2816 liberetur.
2471 2761 2599 2815 Nam
2630 2779 2837 2830 sapere,
2863 2773 2914 2815 et
2943 2763 3260 2830 intelligere,
3317 2775 3372 2813 et

1805 2866 1927 2902 cum
1959 2853 2154 2905 divinis
2185 2853 2624 2920 incorporeisque
2656 2851 2909 2919 conjungi
2937 2853 3011 2918 (id
3041 2854 3183 2920 quod
3240 2869 3364 2904 cum

1807 2941 2042 3007 cujusvis
2069 2942 2234 2995 animi
2263 2952 2450 2994 natura
2492 2943 2771 3006 convenit,
2805 2952 2857 2995 et
2891 2958 2997 3010 quo
3021 2952 3214 2996 cuncta
3251 2959 3369 3009 qua:

1807 3032 2058 3096 dicimus,
2106 3044 2160 3087 et
2194 3034 2512 3104 cogitamus,
2559 3036 2808 3098 tendunt,
2845 3045 2901 3088 ut
2955 3036 3099 3102 quod
3158 3051 3368 3099 torum,

1795 3139 1927 3192 quae
1958 3124 2010 3176 in
2045 3125 2199 3179 nobis
2221 3137 2363 3189 sunt,
2415 3125 2676 3193 optimum
2719 3127 2790 3179 sit
2829 3141 2892 3179 ac
2917 3126 3369 3190 divinissimum).

1810 3213 1861 3267 id
1893 3216 2111 3268 omnino
2139 3217 2377 3283 corporis
2431 3217 2752 3271 societatem
2815 3228 3040 3284 respuit,
3097 3228 3150 3269 et
3204 3218 3372 3271 solius

1811 3304 2002 3362 animi.
2037 3319 2093 3356 se
2135 3290 2290 3372 plane
2311 3323 2340 3357 a
2373 3321 2622 3376 corpore,
2651 3307 2717 3361 ad
2752 3321 2894 3370 sese,
2927 3317 2980 3359 ct
3013 3322 3098 3361 res
3130 3323 3247 3372 qua:
3296 3309 3373 3360 in-

1811 3393 2100 3462 telligentia
2171 3397 2712 3462 con-.prelienduntur
2792 3398 3112 3466 colligentis,
3175 3415 3373 3452 munus

1810 3489 1912 3533 est.
1973 3479 2082 3534 Etsi
2119 3483 2262 3536 enim
2311 3483 2599 3550 aliquando
2658 3485 2820 3539 etiam
2874 3486 3125 3540 sensibus
3176 3487 3369 3550 utitur,

161 3575 433 3642 ἀρχομένη
467 3574 559 3624 τοῦ
611 3576 948 3642 πράγματος,
990 3579 1081 3628 καὶ
1137 3571 1247 3627 οἷον
1301 3564 1743 3644 ἁμαθοιίνουςια,⁴

1805 3581 1968 3638 atque
2009 3571 2131 3624 inde
2165 3574 2476 3627 occasiones
2496 3575 2758 3642 quasdam
2790 3576 3120 3644 intelligendi
3149 3579 3316 3631 sumit
3353 3595 3366 3626 :

162 3668 272 3727 καὶ,
295 3666 355 3716 τὸ
381 3666 669 3734 λεγόμενον
700 3666 762 3734 δὴ
785 3666 961 3729 τοῦτο,
987 3668 1085 3734 τὴν
1116 3667 1336 3736 πρώτην
1365 3668 1443 3719 ἔτι
1469 3669 1707 3736 φέρουσα

162 3757 343 3823 τρίχα,
378 3754 551 3824 τούτῳ
579 3755 652 3824 τῷ
678 3756 864 3826 τρόπῳ
891 3757 987 3824 τῆς
1013 3757 1302 3823 μαθήσεως
1333 3759 1550 3825 χρῆται.
1582 3760 1706 3810 ’Ὠσ-

164 3860 267 3911 περ
284 3844 328 3894 οἱ
357 3845 440 3912 ’τῷ
469 3843 721 3914 ψηλαφᾷν
753 3847 858 3898 τῶν
891 3847 1234 3915 πραγμάτων
1270 3849 1555 3916 τυγχάνειν
1592 3865 1709 3900 πει·

165 3933 422 4000 ρώμενοι,
453 3935 578 3985 ὅταν
611 3935 731 4002 δζις
760 3936 941 3998 αὐτοῖς
968 3936 1026 3988 οὐ
1065 3939 1207 4006 παρῇ
1227 3953 1238 3967 ο
1268 3937 1405 3989 οὕτω
1439 3939 1532 3990 καὶ
1561 3939 1708 4007 ψυχὴ

164 4024 287 4092 ἄρτι
319 4023 409 4075 διὰ
441 4025 706 4090 γενέσεως
737 4027 814 4089 είς
845 4028 940 4096 τὴν
975 4026 1119 4092 ζωὴν
1152 4029 1443 4097 παριοῦσα,
1488 4031 1578 4082 καὶ
1617 4030 1708 4080 τὸν

161 4114 438 4181 ὀφθαλμὸν
463 4116 628 4184 αὐτῆς
662 4117 828 4186 πολλῇ
856 4119 920 4185 τῇ
964 4117 1114 4187 παρὰ
1156 4119 1250 4170 τοῦ
1283 4118 1531 4186 σώματος
1551 4119 1707 4186 ἀχλΰι

166 4202 574 4268 καλυπτόμενον
603 4201 822 4269 ἔχουσα,
856 4207 950 4255 καὶ
975 4199 1084 4257 οἷον
1117 4204 1273 4271 βαθεί
1302 4205 1454 4272 κάρῳ
1508 4222 1708 4273 κεκρα-

164 4293 419 4360 τημένον,
455 4293 622 4346 δεῖται
665 4295 772 4346 τῶν
798 4297 1121 4364 αἰσθήσεων,
1161 4297 1216 4349 αἱ
1266 4299 1490 4366 ταύτην,
1524 4299 1709 4369 ὥσπερ

163 4383 566 4448 καθεύδουσαν,
611 4386 1038 4453 ἀφυπνίζουσιν·
1085 4388 1171 4453 ὑφ’
1205 4383 1278 4441 ὧν
1339 4391 1437 4468 ⁸ξὴν
1486 4394 1708 4458 πρώτην

168 4476 478 4544 κινηθεῖσα,
537 4476 630 4528 καὶ
666 4476 868 4545 ἑαυτὴν
925 4478 1270 4545 ἀνεγείρασα,
1308 4481 1406 4534 οὐκ
1458 4482 1534 4533 ἔτι
1588 4487 1710 4545 ταῖς

165 4567 480 4635 αἰσθήσεσιν
530 4569 587 4619 ὲν
617 4570 736 4629 ταῖς
773 4569 870 4636 τῆς
914 4570 1168 4639 ἀληθείας
1204 4573 1459 4643 ζητήσεσι
1490 4576 1706 4643 χρῆται.

167 4661 384 4713 Μᾶλλον
422 4660 518 4729 μὲν
573 4657 664 4712 οὖν
720 4664 810 4713 καὶ
856 4663 1081 4727 ταύταις
1122 4666 1290 4718 ἐνίοτε
1324 4667 1421 4734 τῆς
1473 4669 1710 4736 ἀμαθίας

168 4752 414 4818 ἐπιτιμᾷ,
441 4752 566 4802 ὅταν
599 4751 658 4802 τὸ
685 4751 910 4814 ταύταις
948 4754 1270 4822 φαινόμενον
1300 4757 1391 4808 καὶ
1428 4757 1563 4826 αὐτῇ
1598 4774 1713 4808 συνο

166 4843 340 4913 δοκεῖν
373 4839 771 4906 ἀναγκάζωσιν,
805 4842 993 4912 ὥσπερ
1023 4846 1070 4895 οἱ
1110 4845 1218 4900 ¹τῶν
1253 4847 1705 4916 διαγραμμάτων,
1741 4874 1783 4928 D

164 4931 291 4982 ὅταν
325 4931 598 4999 ἀρχωνται
660 4930 974 5000 μανθάνειν,
1004 4933 1265 5000 δεόμενοι,
1316 4935 1452 5001 μετὰ
1502 4939 1556 4984 δὲ
1609 4937 1708 5004 τὴν

166 5024 475 5090 ἐπιστήμην
493 5023 570 5084 εις
597 5023 734 5074 αὐτὰ
759 5022 919 5074 πάλιν
942 5023 1299 5091 ὑποστρέφειν
1331 5019 1703 5086 ἀπαξιοῦντες.

165 5113 321 5166 Οὕτω
362 5112 426 5181 δὴ
459 5112 551 5164 καὶ
597 5106 831 5182 ψυχῇἝν
867 5114 1072 5183 σώματι
1114 5114 1212 5182 μὲν
1253 5115 1328 5165 ἐτ’
1370 5113 1503 5184 οὔσῃ
1555 5114 1703 5167 οὐδὲν

121 5265 124 5268 4
164 5202 391 5267 ἀπεικὸς
422 5205 517 5257 καὶ
571 5202 668 5266 τὰς
721 5203 1002 5272 αἰσθήσεις
1052 5206 1179 5272 περὶ
1215 5206 1322 5256 τῶν
1363 5206 1704 5274 μαθημάτων

166 5294 476 5364 ιπερωτᾷν·
525 5293 749 5365 λυθείσῃ
778 5292 856 5356 δὲ,
890 5295 1029 5347 αὐτὰ
1075 5297 1144 5348 τὰ
1200 5296 1362 5363 νοητὰ
1392 5295 1458 5348 δι’
1500 5297 1704 5351 ἑαυτῶν

166 5388 410 5456 παρόντα
437 5386 535 5456 τήν
562 5386 669 5439 τῶν
699 5385 1002 5453 αἰσθήσεων
1041 5387 1229 5454 χρείαν
1275 5387 1376 5439 οὐκ
1406 5388 1704 5454 ἀναγκαίαν

160 5480 345 5532 ποιεῖ·
387 5479 482 5530 its
514 5478 864 5546 φανερώτατα
912 5479 977 5545 τῇ
1010 5478 1217 5530 ἑαυτῶν
1243 5479 1372 5533 δντα
1405 5478 1584 5546 φύσει,
1615 5480 1709 5534 καὶ

154 5571 256 5622 τὸν
285 5567 385 5636 τῆς
406 5567 581 5635 ψυχῆς
620 5566 894 5636 ὀφθαλμὸν
928 5568 993 5618 δι’
1029 5568 1239 5622 ἑαυτῶν
1267 5569 1702 5638 περιλάμποντα,

152 5658 242 5722 οἷς
258 5659 492 5711 συνοῦσα
522 5658 782 5727 τρέφεταί
806 5675 863 5710 τε
886 5659 977 5710 καὶ
1000 5659 1226 5719 εύπαθεῖ
1249 5662 1347 5728 τὴν
1375 5662 1508 5729 αὐτῇ
1542 5677 1710 5731 προσ-

153 5753 404 5819 ήκουσαν
438 5747 644 5816 τροῳὴν
699 5747 792 5798 καὶ
824 5747 1121 5800 εὐπάθειαν
1145 5762 1157 5774 ·
1257 5747 1354 5808 τὰς
1389 5751 1705 5815 σωματικὰς

153 5839 376 5908 ἡδονὰς,
413 5839 465 5892 εί
495 5850 575 5900 τις
629 5835 998 5904 παραϐάλλειν
1035 5833 1228 5901 ἐθέλοι,
1264 5835 1453 5887 εἴδωλα
1499 5836 1704 5901 μᾶλλον

1812 3672 1986 3715 tamen
2022 3663 2070 3716 id
2110 3662 2163 3715 in
2197 3662 2271 3715 rei
2318 3663 2563 3730 auspicio
2619 3663 2884 3718 duntaxat
2941 3663 3086 3727 facit,
3139 3675 3192 3718 et
3242 3667 3368 3719 dum

1810 3755 1956 3806 velut
1990 3755 2241 3808 indoctus
2269 3764 2370 3816 est,
2406 3754 2534 3814 etin
2564 3753 2752 3817 dubio,
2787 3770 2850 3807 ac
2890 3754 3049 3822 paulo
3090 3767 3368 3808 ntnntentn

1810 3845 1916 3897 huc
1955 3839 2424 3912 illne'impellitur,
2480 3843 2580 3896 bac
2620 3845 2791 3896 utitur
2830 3845 3071 3898 discendi
3116 3846 3365 3898 ratione:

1810 3934 2257 4002 quemadmodum
2297 3935 2330 3986 ii
2352 3935 2442 4001 qui
2481 3934 2751 4002 palpando
2775 3949 2859 3988 res
2889 3936 3102 4003 assequi
3128 3939 3367 3998 student,

1812 4029 1925 4079 visu
1955 4027 2220 4079 destituti.
2253 4026 2341 4078 Sic
2374 4025 2587 4077 animus
2620 4041 2856 4094 quoque,
2889 4028 3053 4079 vitam
3085 4028 3242 4081 modo
3274 4045 3370 4094 per

1810 4117 2143 4170 nativitatem
2204 4118 2498 4184 ingressus,
2578 4118 2910 4185 oculmnque
2961 4134 3117 4171 suum
3177 4136 3365 4188 magna

1810 4207 2054 4274 corporis
2085 4206 2310 4274 caligine
2342 4213 2541 4258 tectum
2601 4205 2828 4268 habens,
2879 4222 2943 4260 ac
2994 4208 3260 4274 prufundo
3285 4225 3372 4262 so-

1813 4311 2293 4366 poreoppressum,
2321 4296 2570 4348 sensibus
2615 4295 2838 4362 indiget,
2913 4296 3006 4363 qui
3060 4312 3183 4350 cum
3243 4309 3358 4350 tau-

1810 4401 1970 4453 quam
2006 4400 2035 4437 e
2069 4399 2261 4439 somno
2288 4386 2547 4437 excitent.
2608 4385 2649 4436 A
2693 4385 2889 4451 quibus
2923 4387 3188 4454 principio
3217 4403 3363 4439 com-

1814 4485 1989 4528 motns
2017 4484 2070 4528 et
2099 4475 2522 4544 expergefactus,
2552 4475 2806 4528 sensibus
2838 4476 2889 4528 in
2937 4477 3182 4530 veritatis
3213 4478 3365 4531 inda-

1812 4571 2022 4639 gatione
2063 4570 2134 4620 uti
2167 4569 2387 4621 desinit.
2438 4569 2578 4632 Quin
2623 4570 2800 4636 potius
2840 4585 2931 4622 eos
2961 4572 3027 4622 ob
3098 4572 3364 4626 inscitiam

1813 4661 2379 4729 aliquandoincrepat,
2418 4676 2537 4713 cum
2579 4671 2795 4729 cOgunl,
2851 4662 2978 4714 utin
3020 4662 3076 4714 id-
3133 4680 3370 4732 censen-7

1815 4759 1926 4816 tiat,
1969 4751 2227 4819 quodipsi
2264 4752 2447 4804 volunt
2481 4768 2492 4801 :
2531 4753 2977 4819 quemadmodum
3011 4754 3096 4814 iis,
3156 4758 3244 4822 qui
3281 4756 3364 4807 dt-

1814 4859 1977 4897 scerc.
2000 4842 2283 4910 incipiunt,
2320 4851 2466 4895 certa
2513 4843 2744 4910 quadam
2779 4842 3041 4896 lim-arum
3064 4847 3362 4898 conforma-

1815 4935 1958 4987 tione
1988 4948 2122 5001 npus
2153 4941 2233 4986 est
2264 4950 2276 4983 :
2305 4943 2424 5001 post
2485 4944 2692 5000 partam
2728 4939 2922 4999 autem
2979 4936 3262 4988 scientiam
3297 4939 3361 4988 ad

1814 5039 1910 5081 eas
1969 5025 2165 5078 reverti
2193 5033 2468 5080 recusant.
2500 5022 2592 5076 Sic.
2616 5023 2857 5077 animum
2897 5026 3082 5088 etiam,
3119 5027 3245 5079 dum
3276 5027 3362 5078 ad—

1810 5114 1915 5167 buc
1946 5114 1997 5167 in
2030 5128 2257 5181 corpore
2293 5119 2397 5174 εει,
2453 5113 2587 5165 ηἰΙιίΙ
2620 5112 2841 5166 absurdi
2896 5124 2980 5167 est
3035 5130 3226 5166 sensus
3297 5117 3362 5167 de

1811 5205 2055 5258 scientiis
2077 5206 2406 5270 percontari.
2459 5203 2595 5256 Cum
2626 5214 2806 5257 autem
2857 5204 2902 5256 is
2934 5222 2959 5255 a
3002 5218 3231 5271 corpore
3271 5219 3360 5257 so-

1809 5293 1954 5347 lutus
1986 5295 2164 5358 fuerit,
2211 5303 2321 5346 tum
2393 5307 2477 5346 res
2516 5309 2636 5360 qua:
2674 5295 2774 5346 sub
2818 5293 3226 5361 intelligentiam
3272 5311 3362 5346 ca-

1809 5386 1960 5445 dunt,
1993 5400 2113 5439 cum
2158 5399 2255 5452 per
2286 5398 2404 5444 sese
2478 5384 2678 5446 adsint,
2722 5396 2876 5436 umm
2932 5398 3191 5436 sensuum
3248 5399 3358 5436 non

1807 5477 2138 5539 desiderant,
2175 5475 2378 5544 quippe
2416 5490 2534 5543 quae
2565 5489 2658 5528 sua
2722 5484 2914 5526 natura
2953 5474 3358 5527 dilucidissima:

1808 5575 1956 5628 sunt,
1991 5574 2046 5620 et
2077 5565 2240 5619 animi
2270 5566 2483 5616 oculum
2519 5579 2613 5630 per
2646 5578 2764 5617 sese
2803 5564 3096 5625 illustrant,
3127 5578 3353 5630 quarum

1807 5655 2094 5725 prasentia
2127 5663 2179 5707 et
2209 5653 2366 5707 alitur
2398 5653 2787 5716 etdelectatur,
2819 5654 2942 5706 cibo
2979 5653 3350 5720 suavitateque.

1809 5747 1911 5800 sibi
1947 5747 2308 5836 conveniente
2342 5762 2354 5797 :
2389 5746 2476 5797 cui
2505 5745 2546 5798 si
2585 5745 2706 5814 quis
2731 5760 3018 5812 corporea
3050 5743 3309 5811 voluptat-
3332 5760 3353 5792 ς

1807 5851 2122 5903 comparare
2188 5836 2336 5899 velit,
2400 5835 2685 5890 simulacra
2749 5837 2931 5905 potius
3016 5841 3352 5903 voluptatum
