4180 6324
199 340 335 434 i201

1289 361 1386 421 DE
1427 354 1988 418 CONTEMNENDA
2031 353 2288 414 MORTE

3278 355 3416 423 1202

198 488 342 556 τώμε
355 488 446 551 θα,
471 485 729 554 οὐδεμίαν
754 487 818 538 iv
843 485 972 554 ἡμῖν
997 484 1023 535 ὁ
1040 481 1266 543 θάνατος
1286 479 1490 548 ζημίαν
1513 478 1760 544 ἐνέγκαι.

1867 472 2005 527 nihil
2029 471 2209 525 damni
2241 487 2387 526 tuors
2426 472 2579 527 nobis
2638 472 2864 528 allatura
2913 485 3014 530 est.
3072 473 3215 528 Nihil
3272 478 3416 529 enim

197 578 368 631 Οὐδὲν
404 577 512 647 γὰρ
562 576 691 645 ἡμῖν
720 575 970 645 φοϐερδν,
1001 573 1030 626 δ
1086 572 1160 642 μὴ
1206 571 1469 641 πρότερον
1500 570 1566 637 τῇ
1605 567 1754 636 ψυχῇ

196 669 455 738 χαλεπὸν,
507 667 601 718 καὶ
630 665 691 717 τὸ
759 666 1101 733 εὐδαιμονεῖν
1150 664 1283 733 ἡμῖν
1330 660 1485 714 οὐδὲν
1512 660 1696 729 hava
1723 660 1757 727 ἢ

196 762 297 829 τὴν
331 759 510 828 ψυχὴν
556 752 615 810 εὖ
654 757 819 827 ἔχειν,
852 756 1023 809 ἐστίν.
1060 756 1251 824 Ἡμεῖς
1285 754 1395 824 γὰρ
1440 751 1625 833 ἐκείνη
1661 749 1759 802 καὶ

194 851 268 903 τὰ
301 850 522 919 ἐκείνης
568 849 758 917 ἐσμὲν,
808 848 914 902 κᾶν
940 848 1124 915 ἐκείνη
1171 846 1247 915 μὴ
1290 847 1517 917 δέχηται
1561 846 1759 913 πεῖραν

198 942 455 1003 θανάτου,
489 942 643 993 οὐδὲν
669 940 974 995 τδκωλῦον
1006 942 1098 992 καὶ
1128 939 1278 1009 ἡμᾶς
1324 938 1631 1001 ἀθανάτους
1665 937 1761 990 καὶ

201 1030 364 1099 εἶναι,
404 1034 498 1086 καὶ
542 1032 821 1101 λέγεσθαι.
855 1033 928 1085 Τὸ
963 1033 1062 1100 μὲν
1092 1033 1201 1099 γὰρ
1249 1031 1306 1082 ἐν
1337 1026 1469 1099 ἡμῖν
1527 1028 1761 1097 θνῆσκον

203 1124 405 1193 μικρόν
433 1127 491 1179 τι
519 1127 654 1188 ἐστι,
689 1125 783 1177 καὶ
818 1124 913 1192 οὐχ
937 1125 1072 1191 ὅπερ
1098 1124 1282 1191 ἡμεῖς,
1316 1122 1431 1175 ἀλλ’
1462 1120 1759 1191 ἡμέτερον,

200 1216 299 1269 καὶ
332 1216 431 1268 οὐκ
467 1216 533 1269 ἂν
566 1216 781 1269 δύναιτο
825 1219 891 1285 τῇ
946 1214 1112 1269 αὐτοῦ
1171 1215 1442 1285 μεταϐολῇ
1489 1214 1583 1265 καὶ
1629 1214 1762 1281 ἡμῖν

200 1306 438 1359 θανάτου
477 1306 656 1376 ψῆφον
708 1308 1058 1373 ἐπενεγκεῖν·
1093 1304 1285 1374 ῶσπερ
1322 1305 1428 1359 οὐδ’
1472 1305 1536 1359 ἄν
1572 1320 1656 1366 τις
1684 1303 1762 1370 τῷ

200 1398 420 1466 σώματι
452 1397 549 1458 τὰς
594 1396 703 1447 τῶν
740 1395 972 1464 ἱματίων
1014 1395 1279 1464 πονηρίας
1311 1394 1584 1462 λογίσαιτο
1604 1410 1620 1424 ο
1652 1393 1761 1447 οὐδ⁹

202 1489 270 1539 ἂν
297 1489 524 1540 ἐκείνων
552 1489 934 1557 ῥηγνυμένων,
963 1489 996 1558 ἢ
1027 1488 1528 1558 κατατριϐομένων,
1549 1488 1645 1540 καὶ
1669 1486 1774 1567 τοῦ.

200 1581 455 1648 σώματος
516 1576 655 1633 εἶναι
706 1580 877 1634 ταῦτα
939 1580 1085 1650 πάθη
1137 1580 1434 1650 νομίσειεν.
1462 1581 1655 1648 ’Ὅμως
1715 1580 1764 1631 εί

201 1673 398 1724 τούτου
434 1672 526 1723 τοῦ
581 1673 777 1742 μικροῦ
814 1673 1172 1741 φθειρομένου
1202 1672 1398 1740 θνητὸν
1424 1672 1565 1737 ἀξιοῖ
1586 1688 1666 1733 τις
1698 1670 1763 1724 δι’

200 1762 376 1810 ἐκεῖνο
418 1760 701 1811 καλεῖσθαι
750 1760 841 1811 τὸν
901 1760 1203 1828 ἄνθρωπον,
1234 1760 1383 1829 πόσῳ
1428 1757 1763 1823 δικαιότερον

200 1850 296 1901 τοῦ
337 1852 597 1919 μείζονος,
662 1850 755 1901 καὶ
810 1848 1064 1902 τοσοῦτον
1113 1850 1493 1919 ὑπερέχοντος,
1529 1849 1618 1900 καὶ
1666 1848 1763 1919 τὴν

201 1938 410 2005 φθορὰν
444 1937 725 1999 νικῶντος,
780 1939 874 1989 καὶ
921 1939 1195 2005 μένοντος,
1254 1937 1535 2008 ἄφθαρτον
1598 1938 1765 1990 αὐτὸν

201 2030 297 2079 καὶ
328 2028 515 2096 ἀπαθῆ
562 2028 651 2080 διὰ
683 2027 838 2080 τοῦτο
878 2028 1184 2092 καλεῖσθαι,
1218 2029 1278 2080 οὐ
1319 2029 1478 2096 μόνον
1524 2028 1764 2099 καθαρὸς

200 2119 510 2186 ἄνθρωπος,
561 2119 656 2173 καὶ
703 2119 762 2170 ιν
814 2110 858 2184 ᾧ
892 2117 1042 2187 μόνῳ
1073 2118 1133 2170 τὸ
1165 2119 1382 2187 φρονεῖν
1428 2120 1521 2171 καὶ
1554 2118 1765 2185 λογίζε-

201 2212 350 2275 σθαι,
380 2205 459 2273 οἷς
500 2212 612 2262 τῶν
643 2210 845 2264 λοιπῶν
878 2209 1031 2274 ζώων
1063 2209 1347 2278 ἄνθρωπος
1384 2209 1719 2280 διακρίνεται
1745 2226 1761 2276 ;

201 2303 235 2369 ἦ
275 2301 454 2355 τοίνυν
501 2301 701 2371 θνητὴν
730 2301 829 2368 τὴν
860 2300 1037 2369 ψυχὴν
1067 2300 1469 2364 ἀποδείξαντες,
1498 2300 1592 2353 καὶ
1624 2300 1763 2371 μετά

202 2391 299 2446 τοῦ
330 2392 578 2462 σώματος
608 2391 901 2457 ἀπιοῦσαν,
937 2394 985 2444 οἱ
1015 2392 1113 2463 τὴν
1147 2390 1401 2461 τελευτὴν
1437 2392 1575 2445 ὅλων
1605 2392 1761 2463 ἡμῶν

203 2484 484 2537 ἀπώλειαν
528 2483 775 2550 λέγοντες
805 2485 949 2551 ἔχειν
989 2485 1114 2538 τινὰ
1148 2483 1309 2552 λόγον
1354 2485 1537 2547 αὐτοῖς
1574 2487 1669 2538 καὶ
1701 2484 1761 2538 τδ

204 2575 298 2627 τοῦ
347 2574 579 2628 θανάτου
614 2574 731 2637 δέος
781 2574 1117 2627 οἱέσθωσανο
1164 2574 1196 2643 ἢ
1244 2575 1347 2637 ἓως
1378 2573 1443 2626 ἂν
1480 2574 1629 2635 Θεὸς.
1667 2574 1763 2627 καὶ

203 2666 254 2718 οι
284 2666 435 2734 ὀρθοὶ
476 2666 747 2734 λογισμοὶ,
783 2664 875 2717 καὶ
910 2665 1224 2732 φιλοσοφία,
1254 2665 1351 2719 καὶ
1380 2666 1445 2718 τὰ
1478 2663 1597 2718 καθ’
1622 2666 1762 2734 ὴμέ-

208 2774 310 2826 ραν
361 2758 487 2825 περὶ
525 2756 693 2826 αὐτὴν
731 2756 1055 2827 φαινόμενα,
1093 2756 1327 2826 κρείττω
1378 2754 1582 2825 φθορᾶς
1620 2751 1761 2809 εἶναι

202 2848 421 2916 ἐκείνης
443 2847 629 2900 οὐσίαν
660 2847 1085 2901 ἀποδεικνύωσιν
1103 2863 1117 2878 ·
1172 2847 1646 2919 ἀναθαρῤούντων,
1668 2848 1762 2900 καὶ

209 2939 286 3007 μὴ
311 2939 448 3009 πρὸς
474 2940 536 2992 τὸ
558 2939 757 3009 χρεὼν,
788 2938 978 3008 ῶσπερ
997 2938 1076 3001 εῖς
1106 2956 1157 2991 τι
1188 2939 1479 3010 βάραθρον,
1508 2939 1632 2993 ὅθεν
1661 2941 1760 2992 οὐκ

204 3031 355 3085 ἔστιν
380 3031 659 3097 ἀνάδυσις,
700 3029 1102 3100 ἐμπεσούμενοι
1131 3030 1479 3087 διακείσθων.

797 3170 1047 3225 ΚΕΦΑΛ.
1077 3168 1175 3223 ΙΘ’.
1262 3162 1265 3165 ’

278 3310 471 3367 Καίτοι
501 3313 548 3364 εί
582 3312 676 3363 καὶ
710 3310 984 3375 παντελῶς
1030 3308 1385 3379 ἀφανίζεσθαι
1414 3311 1504 3363 τὸν
1545 3309 1758 3380 ἀνθρω-

207 3420 309 3455 πον
368 3400 681 3455 συνέϐαινεν
717 3402 1148 3472 ἀποθνήσκοντα,
1188 3402 1310 3455 οὐδὲ
1365 3399 1540 3465 οὕτως
1590 3401 1759 3470 ἐχρῆν

205 3497 273 3564 τῇ
304 3493 398 3546 τοῦ
432 3493 663 3547 θανάτου
721 3494 912 3562 μνήμῃ
942 3484 1245 3563 τρίϐὶσθαι,
1295 3491 1756 3561 ἐνθυμουμένους,

205 3587 347 3636 ὅσων
378 3584 487 3636 τῶν
526 3573 679 3652 παρὰ
719 3581 810 3634 τοῦ
842 3582 1094 3649 σώματος
1143 3581 1323 3651 ἀηδῶν
1352 3584 1379 3634 ὁ
1425 3582 1538 3650 βίος
1590 3583 1759 3651 ἐμπέ-

208 3676 468 3742 πλησται,
491 3674 585 3726 καὶ
611 3674 686 3735 ὡς
714 3673 1065 3742 κουφότερον,
1089 3672 1431 3742 ἀναισθήτως
1455 3671 1600 3741 ἔχειν
1621 3672 1758 3740 πρὸς

208 3768 386 3820 πάντα
417 3766 727 3835 ἢτοσούτου
759 3764 883 3818 καθ’
915 3764 1128 3835 ἡμέραν
1158 3764 1291 3835 ἡμῖν
1323 3763 1472 3832 παρά
1519 3762 1610 3815 τοῦ
1658 3762 1761 3815 σὼ-

211 3873 378 3926 ματος
418 3857 763 3927 ἐγειρομένου
815 3856 1078 3924 χειμῶνος
1132 3853 1453 3922 ἀνέχεσθαι⁸
1512 3853 1572 3905 ὃν
1623 3853 1758 3921 μήτε

208 3949 475 4018 πραΰνειν
502 3948 725 4001 δυνατὸν
758 3950 823 4017 τῇ
847 3946 1017 4017 ψυχῇ,
1051 3947 1186 4016 μήτε
1230 3947 1446 4027 φέρειν,
1489 3946 1585 4013 τῆς
1623 3963 1760 4015 συμ-

208 4039 425 4107 πήξεως
477 4037 632 4107 ἡμῶν
692 4036 776 4089 ἐπ’
842 4038 1056 4105 ἐκείνην
1121 4039 1191 4090 τὰ
1222 4038 1415 4091 ¹εούτου
1460 4037 1757 4104 παθήματα

208 4130 653 4198 διαϐιϐαζούσης.
696 4128 869 4183 Τοῦτο
901 4131 1010 4198 γὰρ
1056 4131 1123 4198 τῇ
1171 4128 1342 4199 ψυχῇ,
1382 4128 1573 4196 μέχρις
1600 4127 1665 4179 ἂν
1692 4130 1757 4197 τῇ

208 4222 420 4288 γενέσει
465 4218 713 4291 ϐουλεύῃ.
751 4219 982 4288 πάσχειν
1024 4218 1262 4287 ἀνάγκη,
1314 4218 1409 4270 καὶ⁵
1453 4216 1621 4269 πολλά
1654 4218 1759 4269 τῶν

206 4313 302 4366 τοῦ
342 4313 590 4382 σώματος
615 4312 855 4364 ἄκουσαν
890 4312 969 4373 είς
1011 4310 1208 4379 ἑαυτὴν
1236 4310 1656 4379 παραδέχεσθαι,
1686 4309 1759 4373 ὼς

208 4409 275 4460 ἂν
311 4406 388 4475 μὴ
406 4404 684 4464 παντελῶς
710 4399 1017 4472 κρατοῦσαν
1048 4399 1236 4455 αὐτοῦ.
1265 4400 1413 4451 Ὠστ’
1437 4400 1756 4466 ἀναγκαῖον,

1792 1803 1839 1863 Β

1861 557 2377 618 formidabilenobis
2405 570 2509 626 est,
2539 564 2639 618 nisi
2664 563 2847 619 animo
2896 566 2951 618 in
3001 566 3193 634 primis
3234 582 3419 637 grave,

1861 654 1953 717 sit,
1979 664 2031 709 et
2058 652 2287 708 felicitas
2313 661 2497 709 nostra
2521 654 2654 708 nihil
2679 654 2824 710 aliud
2878 663 2980 718 est,
3031 672 3193 726 quam
3250 658 3416 725 prolm

1865 747 2035 801 animi
2078 746 2417 801 constitutio.
2452 746 2564 800 Nos
2591 746 2734 801 enim
2779 737 3014 808 animus,
3065 754 3123 801 et
3158 747 3419 817 quidquid
3472 788 3491 819 3

1862 837 1928 891 ad
1961 852 2081 891 eum
2112 838 2370 905 pertinet,
2406 851 2613 891 sumus.
2660 835 2813 902 Quod
2842 838 2886 890 si
2915 837 2961 892 is
2994 838 3185 893 mortis
3204 840 3388 905 pericu
3414 870 3424 877 -

1860 923 1970 979 lum
1994 941 2103 979 non
2136 925 2265 979 facit
2306 965 2322 991 ,
2366 926 2499 980 nihil
2534 927 2807 996 prohibet,
2838 928 3128 997 quominus
3184 943 3285 981 nos
3319 930 3425 983 im-

1864 1017 2121 1072 mortﬂes
2148 1028 2205 1071 et
2230 1018 2423 1083 simus,
2458 1027 2513 1072 et
2559 1033 2958 1088 nuncnpemur.
3013 1018 3167 1085 Quod
3195 1019 3339 1073 enim
3368 1021 3420 1072 in

1862 1104 2019 1158 nobis
2051 1106 2304 1167 moritur,
2335 1113 2391 1159 et
2429 1120 2675 1171 parvum,
2711 1115 2766 1160 et
2790 1121 2899 1160 non
2935 1106 3078 1161 idem
3104 1107 3247 1177 quod
3294 1123 3416 1170 nos.

1862 1194 1957 1248 sed
1987 1206 2230 1250 nostrum
2258 1196 2515 1265 quiddam
2551 1207 2654 1261 est,
2690 1214 2790 1253 nec
2825 1213 2921 1252 sua
2943 1198 3243 1254 mutatione
3276 1215 3377 1253 con

1864 1294 1948 1339 tra
1984 1301 2084 1341 nos
2122 1287 2310 1341 mortis
2367 1301 2582 1356 quoque
2635 1288 2945 1359 sullragium
2986 1289 3129 1344 ferre
3189 1299 3365 1359 potest
3402 1307 3417 1342 :

1863 1373 2317 1441 quemadmodum
2343 1389 2505 1429 nemo
2529 1377 2739 1445 corpori
2775 1377 2943 1432 malas
2987 1387 3162 1433 vestes
3179 1366 3421 1448 imputa-

1865 1464 1966 1531 bit,
1989 1480 2169 1534 neque
2228 1466 2271 1519 si
2303 1465 2408 1520 illa:
2442 1476 2788 1536 rumpantur,
2849 1478 2943 1524 aut
2971 1470 3315 1535 deterantur,
3370 1473 3423 1525 id

1866 1556 2078 1623 corpori
2108 1555 2356 1610 accidere
2399 1546 2662 1613 censebit.
2728 1558 2783 1613 Si
2833 1570 3012 1615 tamen
3063 1562 3259 1631 exiguo
3323 1563 3425 1615 hut:

1866 1643 2195 1712 intereunte,
2224 1647 2495 1702 hominem
2519 1649 2725 1705 idcirco
2786 1654 3068 1706 mortalem
3124 1654 3422 1708 vocandum

1868 1750 1993 1789 esse
2026 1738 2150 1805 quis
2202 1749 2387 1807 putet,
2448 1751 2651 1808 quanto
2689 1742 2894 1811 a‘quius
2932 1752 3034 1805 est,
3078 1744 3148 1798 ob
3196 1745 3250 1799 id
3282 1746 3423 1815 quod

1868 1831 2040 1900 majus
2062 1843 2162 1895 est,
2207 1834 2449 1894 adeoque
2477 1836 2715 1901 excellit,
2760 1846 2815 1891 et
2847 1838 3124 1893 interitum
3182 1851 3421 1908 superat,

1862 1934 1917 1979 et
1964 1936 2165 1992 manet,
2193 1943 2316 1982 eum
2347 1929 2799 1994 etimmortalem,
2852 1942 2905 1987 et
2960 1932 3274 1997 nullifeladi
3329 1933 3425 2008 ubi

1861 2019 2079 2073 noxium
2105 2023 2323 2077 vocari?
2378 2023 2527 2080 Mens
2557 2026 2699 2080 enim
2733 2026 2869 2092 sola,
2897 2042 3068 2097 purus
3094 2027 3255 2082 homo
3290 2037 3372 2082 est
3401 2038 3416 2082 :

1874 2111 1927 2166 in
1949 2128 2119 2183 eaque
2166 2115 2299 2182 sola,
2356 2117 2645 2187 prudentia
2672 2127 2728 2173 et
2768 2120 3108 2175 ratiocinatio
3157 2121 3275 2182 sita.
3314 2131 3420 2182 est,

1862 2204 2058 2272 quibus
2095 2206 2256 2262 homo
2283 2222 2312 2263 a
2344 2196 2568 2278 reliquis
2616 2211 2984 2267 animantibus
3046 2212 3419 2283 distinguitur.

1848 2295 2149 2367 .Autigitur
2192 2298 2282 2366 qui
2316 2299 2522 2354 obitum
2562 2310 2702 2357 totos
2768 2317 2868 2356 nos
2917 2302 3147 2372 perdere
3204 2304 3418 2368 dicunt,

1864 2386 2094 2456 aliquam
2125 2389 2374 2446 tittteudae
2398 2393 2590 2447 mortis
2636 2408 2855 2449 causam
2886 2409 2946 2449 se
2974 2394 3175 2451 habere
3207 2405 3418 2465 putent,

1862 2478 1954 2531 ubi
1984 2478 2478 2536 demonstraverint
2519 2483 2761 2538 animum
2817 2486 3105 2540 mortalem
3165 2502 3301 2553 esse,
3366 2501 3422 2543 et

1861 2582 1983 2622 cum
2014 2584 2238 2639 corpore
2267 2572 2442 2639 abire,
2508 2583 2603 2629 aut
2626 2577 2802 2645 quoad
2836 2577 2978 2634 Deus
3012 2588 3065 2633 et
3105 2590 3250 2634 recta
3285 2582 3422 2637 ratio

1860 2673 1917 2740 et
1944 2661 2307 2733 philosophia,
2338 2675 2393 2720 et
2422 2680 2484 2719 ea
2516 2682 2635 2735 quae
2674 2666 2728 2721 in
2789 2669 2909 2738 ipso
2949 2670 3132 2725 animo
3181 2673 3424 2741 quotidie

1860 2761 2144 2819 apparent.
2202 2755 2589 2821 demonstrant,
2647 2757 2768 2827 ejus
2835 2760 3128 2814 essentiam
3196 2762 3423 2818 interire

1859 2855 1969 2895 non
1994 2857 2171 2911 posse,
2204 2845 2468 2914 recipiant
2492 2847 2758 2915 animum,
2792 2863 2969 2918 neque
2993 2851 3065 2906 ita
3090 2866 3215 2924 erga
3251 2852 3421 2908 l’atnm

1859 2931 2037 2986 allecti
2076 2933 2208 2998 sint,
2240 2936 2395 3004 quasi
2454 2937 2509 2992 in
2547 2937 2859 2994 barathrum
2891 2942 3184 3011 quoddam,
3216 2958 3278 2998 ex
3310 2960 3434 3014 quo.
3511 2954 3519 2961 '

1860 3023 2041 3079 nullus
2066 3039 2342 3095 regressus
2370 3037 2571 3097 pateat,
2606 3033 2782 3087 casuri
2814 3033 2944 3090 sint.

2452 3163 2679 3221 CAPUT
2735 3167 2875 3223 XlX.

1929 3296 2131 3362 Quodsi
2164 3314 2291 3355 vero
2322 3302 2599 3359 hominem
2628 3316 2803 3361 morte
2836 3310 3058 3378 penitus
3088 3312 3257 3369 deleri
3293 3332 3422 3373 eon-

1860 3389 2110 3458 tingeret,
2143 3405 2210 3445 ne
2243 3393 2321 3445 sic
2361 3393 2578 3460 quidem
2603 3398 2789 3450 mortis
2822 3402 3418 3476 memoriaquemquant

1859 3480 2015 3553 allligi
2043 3492 2334 3552 Oporteret,
2355 3485 2449 3539 sed
2475 3486 2817 3557 cogitandum
2845 3489 3026 3559 potius
3057 3505 3221 3562 esset,
3242 3513 3416 3567 quan-

1861 3572 1932 3627 tis
1970 3576 2212 3643 corporis
2249 3576 2509 3632 molestiis
2535 3578 2639 3634 vita
2661 3580 2857 3636 referta
2913 3582 3006 3650 sit,
3036 3594 3092 3640 et
3116 3600 3322 3657 quanto
3351 3594 3420 3645 sit

1859 3663 2053 3732 levius,
2092 3666 2270 3722 omnis
2294 3681 2487 3724 sensus
2514 3682 2789 3741 expertem
2819 3688 2960 3741 esse,
3022 3676 3417 3747 quam'tantaut

1861 3763 2255 3827 tempestatem,
2284 3774 2405 3830 qua
2435 3777 2464 3815 a
2497 3777 2728 3833 corpore
2758 3766 2916 3821 nobis
2970 3768 3024 3823 in
3064 3770 3184 3825 dies
3212 3774 3418 3827 excita—

1861 3857 1967 3913 tur,
1998 3849 2246 3915 tolerare,
2279 3867 2439 3921 quam
2474 3855 2691 3909 animus
2720 3872 2894 3926 neque
2936 3858 3208 3929 frangere,
3240 3879 3417 3934 neque,

1872 3941 2013 3996 terre
2041 3952 2237 4011 potest,
2263 3961 2382 3999 eum
2418 3961 2703 4017 compages
2734 3960 2941 4012 nostra,
3015 3957 3256 4021 eurpuris
3287 3956 3419 4011 alle-

1860 4033 2068 4088 ctioues
2094 4033 2161 4088 ad
2190 4050 2309 4088 cum
2347 4040 2691 4093 transmittat.
2738 4041 2868 4093 Nam
2927 4044 3026 4096 hoc
3076 4045 3258 4100 animo
3319 4064 3416 4102 ne-

1860 4127 2099 4178 cessario
2141 4125 2416 4182 ferendum
2444 4139 2545 4191 est,
2585 4131 2708 4183 dum
2734 4134 3071 4202 generalium
3122 4138 3314 4203 servit,
3365 4140 3457 4194 et‘

1861 4216 2025 4268 multa
2058 4232 2173 4285 quae
2204 4220 2266 4270 ad
2296 4233 2493 4289 corpus
2523 4222 2779 4288 attinent,
2838 4224 3005 4279 invito
3054 4228 3106 4280 in
3163 4244 3223 4284 se
3274 4234 3413 4285 reei-

1859 4306 2053 4375 pienda
2079 4318 2223 4369 sunt,
2256 4318 2313 4365 ut
2344 4311 2434 4378 qui
2469 4311 2541 4365 illi
2578 4328 2682 4368 non
2721 4316 2943 4382 penitus
2999 4318 3247 4383 imperet.
3279 4322 3418 4391 Qua.

1854 4412 1917 4449 re
1947 4395 2139 4454 inﬁniti
2168 4399 2379 4457 labores
2409 4405 2715 4476 necessario
2765 4406 2922 4461 nobis
2983 4408 3103 4477 ejus
3133 4424 3294 4464 causa
3323 4428 3412 4463 ea-

206 4494 491 4559 ἀπέραντα
548 4493 729 4543 πονεῖν
785 4490 955 4558 ἡμᾶς,
1009 4486 1313 4557 ἀμύνοντας
1361 4486 1438 4556 τῷ
1494 4486 1756 4555 μηδέποτ’

1864 4487 2046 4558 piendi
2072 4502 2217 4556 sunt,
2250 4492 2389 4561 quod
2419 4508 2695 4562 nunquam
2742 4512 2846 4551 non
2897 4498 2949 4552 id
2983 4498 3130 4559 bella
3187 4504 3413 4571 petitur,

206 4583 367 4643 ἐκτὸς
394 4578 583 4631 ἑστῶτι
620 4577 883 4645 πολέμου,
913 4575 1009 4628 νῦν
1042 4574 1140 4643 μὲν
1173 4576 1263 4627 τὸν
1285 4573 1441 4643 λιμὸν
1478 4574 1625 4640 αὑτῴ
1660 4590 1760 4625 πα-

210 4672 681 4746 ραμυθουμένους,
711 4669 895 4721 ἄλλοτε
946 4668 1034 4719 καὶ
1070 4669 1168 4735 τὴν
1201 4667 1357 4736 δίψαν
1396 4666 1717 4728 σϐεννύντας
1744 4683 1758 4697 ·

208 4769 301 4819 καὶ
330 4765 456 4816 πλτὲ
496 4763 591 4831 μὲν
627 4760 775 4829 αὑτῷ
814 4760 1170 4829 προϐλήματα
1212 4759 1345 4828 πρὸς
1394 4758 1563 4825 ψῦχος
1594 4775 1761 4812 κατα-

209 4857 595 4918 σκευάζοντας,
645 4852 771 4904 ποτὲ
813 4852 867 4903 δὲ
923 4852 1057 4919 πρὸς
1100 4849 1285 4919 καῦμα
1336 4850 1760 4918 μηχανωμένους

208 4947 362 5014 αὐτῷ
395 4944 733 5003 καταδύσεις.
767 4942 871 4992 Καὶ
908 4939 1095 4991 σιωπῶ
1135 4939 1231 4999 τὰς
1260 4939 1402 5008 ὑπὲρ
1428 4936 1522 4989 τοῦ
1566 4955 1759 5007 πορισα

212 5039 316 5109 μοῦ
344 5039 570 5099 τούτων,
602 5036 742 5090 κατά
776 5051 836 5086 τε
884 5035 984 5100 γῆν
1016 5032 1108 5083 καὶ
1154 5031 1415 5083 θάλατταν
1451 5031 1761 5099 ἀποδημίας

208 5134 299 5187 καὶ
326 5130 424 5190 τὰς
452 5129 588 5198 ὑπὲρ
614 5126 799 5179 ὀϐολοῦ
824 5124 1079 5185 πολλάκις
1108 5124 1432 5192 καταράτοις
1454 5123 1760 5192 ἀνθρώποις

209 5215 629 5289 προσαγομένας
687 5213 925 5275 θωπείας
972 5229 1029 5263 τε
1089 5214 1181 5263 καὶ
1223 5210 1674 5279 δουλοπρεπείας.
1734 5213 1761 5263 δ

208 5316 349 5369 τίνος
383 5308 441 5358 ὂν
469 5306 765 5375 βαρύτερον
801 5305 994 5372 βρόχου
1033 5301 1319 5369 ἀνθρώπῳ,
1364 5302 1455 5353 καὶ
1503 5302 1643 5353 κατά
1672 5320 1761 5371 μι-

208 5403 343 5469 κρὸν
409 5397 600 5450 ἑαυτοῦ
654 5396 963 5468 ᾑσθημένῳ,
1024 5396 1116 5444 καὶ
1172 5393 1482 5459 θεωροῦντι,
1528 5394 1758 5458 ἀφόἵου

208 5491 467 5559 ἀληθείας
507 5489 601 5545 καὶ
646 5487 842 5555 ἀρετῆς
880 5483 1046 5550 ὕψους
1098 5488 1175 5544 εἰς
1233 5485 1349 5535 οἵαν
1398 5486 1760 5536 καταπίπτειν

214 5580 555 5653 βωμολοχίαν
601 5580 694 5629 καὶ
736 5576 1012 5629 εὐτέλειαν
1060 5574 1455 5641 ἀναγκάζεται;
1495 5578 1559 5629 Τί
1608 5577 1651 5628 δ’
1696 5577 1761 5628 ἂν

211 5677 354 5725 εἴποι
382 5688 463 5731 τις
492 5670 585 5728 τὰς
614 5671 668 5719 ἐν
695 5670 813 5729 ταῖς
844 5666 1207 5727 παντοδαπαῖς
1237 5669 1408 5729 νόσοις
1434 5668 1643 5729 ὀδύνας,
1670 5672 1763 5722 καὶ

210 5766 268 5821 τε,
309 5746 565 5822 fama“;
622 5759 907 5829 μὲνοῦτῳ
941 5759 998 5810 τὸ
1060 5756 1212 5826 σῶμα
1249 5756 1758 5826 διαείδρώσκεςθαι,

1863 4577 1990 4632 dum
2012 4579 2145 4637 alias
2176 4581 2371 4637 famem
2396 4584 2513 4650 ejus
2542 4584 2814 4652 sedantus,
2850 4587 2981 4644 alias
3006 4590 3153 4644 sitim
3208 4594 3416 4645 exstin-

1861 4670 2095 4738 guimus,
2124 4672 2256 4727 alias
2280 4674 2547 4744 frigusab
2582 4692 2646 4730 eo
2679 4680 3068 4747 propulsamus.
3106 4682 3239 4735 alias
3281 4685 3418 4747 lora,

1861 4775 1978 4825 quas
2009 4766 2185 4818 a-stus'
2232 4765 2497 4821 devitandi
2555 4783 2715 4823 causa
2752 4764 2979 4834 subeat,
3029 4778 3415 4845 excttgitatnus.

1862 4850 2037 4906 Taceo
2084 4856 2566 4924 peregrinationes,
2618 4869 2761 4914 terra
2824 4864 3067 4932 marique
3118 4878 3416 4936 susceptas,

1862 4946 2049 5001 harum
2081 4963 2256 5001 rerum
2291 4951 2646 5018 parandarum
2707 4970 2866 5008 causa
2895 4972 2909 5009 :
2952 4958 3323 5015 etblanditias
3353 4977 3416 5016 ac

1860 5039 2085 5092 serviles
2119 5051 2323 5109 gestus,
2365 5044 2456 5111 qui
2489 5058 2627 5113 ειερο
2658 5056 2874 5114 propter
2896 5047 3106 5102 obolum
3128 5064 3416 5107 exsecran-

1860 5130 1941 5184 dis
1970 5130 2282 5185 hominibus
2332 5144 2675 5202 praestantur.
2730 5136 2859 5201 Quae
2916 5154 3023 5204 res,
3083 5157 3191 5210 quo
3226 5144 3417 5212 laqueo

1862 5219 2070 5287 gravior
2097 5230 2177 5274 est
2205 5222 2425 5287 homini,
2453 5224 2545 5291 qui
2574 5225 2654 5279 vel
2680 5226 2900 5280 minima
2931 5243 2996 5282 ex
3039 5241 3189 5298 parte
3212 5244 3415 5287 semet-

1862 5312 2033 5378 ipsum
2069 5314 2216 5366 novit
2274 5322 2322 5367 et
2378 5316 2685 5373 considerat
2739 5333 2767 5375 a
2818 5328 3021 5387 quanto
3071 5323 3316 5378 veritatis
3366 5339 3417 5380 et

1860 5402 2071 5456 virtutis
2109 5403 2340 5473 fastigio,
2374 5407 2438 5461 ad
2468 5422 2601 5476 quas
2636 5424 2825 5477 nugas,
2878 5420 2933 5462 et
2969 5412 3291 5481 quisquilias
3317 5418 3412 5471 de-

1862 5492 2040 5547 ridere
2063 5496 2325 5563 cogatur?
2369 5496 2485 5550 Jam
2517 5499 2642 5565 qud
2672 5500 2737 5551 de
2767 5500 3036 5554 variorth
3080 5507 3415 5560 .morborunt

1861 5583 2133 5637 doloribus
2159 5584 2441 5638 dicendum
2467 5588 2589 5639 est?
2635 5603 2756 5641 eum
2791 5604 2931 5657 saepe
2961 5606 3159 5659 corpus
3192 5594 3263 5645 ita
3290 5609 3417 5647 cro-

1862 5672 2036 5737 datur,
2067 5684 2122 5725 ut
2157 5676 2237 5727 vix
2263 5676 2584 5732 calamitosa:
2647 5682 2844 5735 veteris
2897 5685 3130 5738 hominis
3182 5688 3420 5752 reliqui-1:

1864 5765 2177 5834 supersint?
2241 5766 2417 5821 Miseri
2458 5770 2614 5838 igitur
2676 5787 2782 5826 non
2820 5778 3129 5830 modo‘non
3192 5793 3415 5847 possunt
