4180 6324
843 250 977 312 1203

2087 252 2462 311 DEMETRH
2506 253 2812 312 CYDONII

3927 260 4044 325 150$

829 361 1048 429 reliqui‘
1077 375 1183 413 non
1212 361 1320 422 uti,
1356 360 1449 413 sed
1480 376 1601 425 nec,
1662 360 1801 430 quod
1857 360 1922 415 iis
1944 363 2183 430 corporis
2224 363 2392 430 parti-
2427 369 2465 424 Α

2427 369 2465 424 Α
2496 365 2570 428 ὡς
2606 364 2759 430 μόλις
2780 362 2874 417 τοῦ
2903 366 3065 418 πάλαι
3098 367 3217 420 ποτ’
3251 366 3539 439 ἀνθρώπου
3574 366 3754 422 ἀθλιον
3784 368 4044 426 λείπεσθαι

827 453 927 504 bus
957 452 1301 514 substituant,
1344 458 1464 517 quae
1497 450 1560 503 iis
1588 453 1888 519 perierunt,
1946 451 2148 504 habent
2181 467 2194 503 :
2233 464 2391 522 alque

828 543 967 595 adeo
1006 558 1073 594 ne
1102 557 1193 594 eos
1217 544 1459 610 quidem,
1499 557 1527 595 a
1563 541 1759 610 quibus
1824 542 2245 597 causolatiouem
2298 559 2393 599 au-

828 634 978 687 diant
1017 651 1028 684 :
1061 633 1205 701 quod
1238 649 1427 687 omnes
1461 635 1666 687 saniem
1700 643 1753 687 et
1789 634 2129 705 putredinem
2188 641 2243 689 ut
2276 650 2393 688 mo-

826 724 1035 775 lestiam
1070 723 1335 791 qmninde
1369 723 1543 777 oritur
1582 723 1809 794 fugiant,
1859 724 1998 792 quod
2058 739 2151 778 eos
2221 726 2391 794 magis

823 830 980 883 quam
1016 815 1116 882 ipsi
1173 813 1391 868 dolores
1448 816 1727 869 excruciat
1787 832 1803 870 :
1864 815 2019 881 adeo,
2090 825 2150 869 ut
2192 816 2393 871 doloris

822 907 1087 960 acerbitas
1128 922 1221 959 eos
1254 921 1396 973 saepe
1448 907 1691 973 laqueos.
1753 917 1846 959 aut
1920 907 2238 975 pratcipitia,
2300 895 2402 961 aut

821 1017 980 1055 enses
1013 1001 1319 1054 desiderare
1350 1010 1525 1069 cogat.
1550 999 1617 1054 Ut
1644 1012 1822 1053 autem
1845 1002 2233 1065 concedamus,
2277 1000 2397 1053 nul-

822 1096 923 1145 lam
957 1109 983 1145 a
1011 1108 1237 1160 cor-pore
1279 1092 1746 1159 perturbationem
1772 1093 1953 1145 animo
1988 1091 2115 1144 oriri
2154 1092 2317 1160 (quod
2350 1090 2394 1145 si

822 1185 995 1248 ﬁeret,
1038 1183 1261 1236 monstri
1308 1182 1477 1235 instar
1517 1182 1870 1247 haberetur),
1901 1184 2021 1251 quis
2073 1184 2203 1236 satis
2237 1199 2397 1246 enar-

822 1278 956 1328 rarit
979 1282 1378 1344 tempestatem,
1412 1289 1529 1343 qua:
1563 1274 1614 1327 in
1648 1274 2040 1337 adolescentia,
2073 1285 2125 1329 et
2170 1291 2395 1345 corpore

826 1368 1107 1427 incolumi,
1147 1366 1345 1420 animis
1366 1381 1394 1418 a
1424 1366 1745 1436 corporibus
1775 1368 2127 1421 concitatur?
2156 1368 2393 1423 Umnino

820 1461 965 1513 enim
1000 1459 1247 1512 homines
1316 1468 1432 1511 tum
1461 1474 1527 1512 ue
1565 1459 1809 1512 homines
1867 1458 2081 1528 quidem
2114 1474 2232 1513 esse
2274 1476 2394 1530 pos-

823 1558 971 1613 sunt,
1007 1564 1129 1601 cum
1181 1548 1343 1601 veluti
1372 1547 1642 1613 ﬂuctibus,
1679 1549 1746 1603 ab
1785 1550 2074 1619 agitatione
2103 1551 2190 1605 illa
2245 1568 2396 1606 men-

818 1645 907 1704 tis,
967 1642 1019 1693 in
1074 1642 1352 1694 brutorum
1415 1652 1661 1693 naturam
1722 1640 2105 1695 detruduntur.
2164 1642 2392 1698 Servilia

817 1729 963 1781 enim
997 1728 1159 1783 animi
1194 1743 1338 1796 pars.
1366 1737 1420 1782 et
1479 1728 1705 1783 rationis
1736 1729 1967 1783 obnoxia
2014 1729 2260 1798 imperio,
2294 1746 2383 1784 ar-

820 1822 1294 1887 reptaoceasione,
1344 1822 1595 1873 satietate
1657 1819 2010 1883 insolescens,
2062 1821 2381 1875 seditionem

816 1922 1003 1965 contra
1057 1919 1292 1964 mentem
1322 1920 1527 1974 movet,
1555 1925 1732 1979 neque
1747 1910 1977 1979 amplius
2008 1911 2385 1980 obtemperan-

813 2005 937 2058 dum
970 2003 1015 2058 ei
1044 2011 1253 2057 Censet.
1291 2003 1396 2057 Sed
1430 2002 1611 2056 animo
1663 2016 1947 2072 oppresso,
1972 2003 2179 2058 sobrias
2198 2014 2253 2058 et
2286 2004 2384 2057 ho-

815 2105 995 2149 nestas
1016 2095 1376 2162 cogitationes
1411 2092 1600 2147 exsilio
1651 2102 1703 2147 et
1736 2092 2031 2162 ignominia
2060 2094 2275 2159 multat,
2310 2095 2382 2148 si-

812 2186 975 2251 bique
1020 2186 1189 2238 ascito
1234 2184 1489 2252 imperio,
1528 2198 1638 2251 quo
1692 2185 1806 2237 fors
1859 2184 1997 2241 tulit.
2061 2183 2379 2255 impellitur.

813 2275 1026 2328 Etcum
1079 2275 1337 2327 virtutem
1386 2287 1625 2334 omnem,
1697 2283 1949 2341 tanquam
2008 2274 2379 2344 impotentiam

810 2367 1049 2433 aliqu-im
1081 2364 1418 2419 contemnit:
1452 2364 1641 2417 tumin
1698 2364 1809 2419 sola
1848 2367 2189 2433 improbitate
2226 2366 2379 2421 forti-

811 2459 1053 2511 tudinem
1090 2471 1212 2511 esse
1275 2456 1433 2510 sitam
1490 2455 1811 2509 existimat:
1855 2456 2091 2525 denique
2149 2457 2379 2511 assidua:

808 2544 1077 2607 ebrietati,
1106 2555 1159 2599 et
1191 2544 1525 2614 petulantiae,
1572 2554 1628 2598 et
1677 2546 1829 2599 muni
1893 2546 2155 2613 iniquitati
2208 2546 2380 2599 Immi-

809 2651 937 2703 num
970 2635 1148 2698 tradit,
1191 2649 1370 2703 neque
1395 2634 1592 2702 prioris
1628 2635 1808 2704 ﬁgurae
1840 2635 2131 2703 quidquam
2184 2646 2380 2705 praeter

810 2741 1032 2790 nomen,
1070 2726 1142 2779 illi
1180 2724 1453 2793 relinquit.
1482 2723 1572 2778 Sic
1605 2738 1802 2792 corpus
1843 2724 2029 2778 dolore
2070 2725 2231 2779 allicit
2264 2727 2379 2779 ani-

809 2834 977 2878 tnuzu,
1036 2830 1145 2867 non
1175 2814 1352 2867 minus
1383 2829 1477 2880 per
1509 2814 1836 2883 voluptates,
1868 2830 2031 2882 quam
2066 2831 2161 2884 per
2204 2819 2373 2872 mole-

808 2908 939 2961 stias
972 2925 983 2957 :
1019 2921 1079 2958 ac
1113 2905 1293 2972 potius
1315 2904 1436 2971 plus
1463 2913 1621 2957 nocet
1651 2906 1762 2959 otio
1790 2916 1845 2959 et
1881 2908 2219 2961 remissione.
2245 2907 2374 2963 Nam

2495 457 2776 526 λείψανον;
2816 458 2975 509 Ὠστε
3033 458 3155 528 μηδ’
3208 459 3353 528 ἔχειν
3409 459 3535 523 τοὺς
3578 459 3955 531 ταλαιπώρους
3997 464 4045 516 οὗ

2499 550 2663 618 μόνον
2688 551 2713 603 δ
2746 567 2798 603 τι
2846 550 2922 618 τῷ
2946 532 3119 620 λοιττῷ
3175 553 3492 621 χρήσονται,
3526 552 3641 605 ἀλλ’
3676 552 3781 606 οὐδ’
3810 550 3891 617 οἷς
3944 554 4045 608 ἀντὶ

2497 640 2608 694 τῶν
2638 641 2996 695 ἀπολωλότων
3029 643 3211 705 αὐτοῖς
3266 643 3449 713 μερῶν
3486 644 3583 698 τοῦ
3624 645 3879 713 σώματος
3929 649 4043 717 χρή-

2502 748 2684 783 σονται
2708 747 2719 760 '
2766 732 2890 802 μηδ’
2919 732 3013 800 ἀφ’
3050 729 3123 787 ῶν
3166 733 3296 801 γοῦν
3330 736 3686 804 παραμυθίας
3714 738 4041 799 ἀκούσονται,

2500 823 2719 875 πάντων
2750 824 2875 886 τοὺς
2909 824 3133 892 ίκῶρας,
3170 827 3260 879 καὶ
3307 826 3406 895 τὴν
3444 827 3629 896 σῆψιν,
3668 829 3761 881 καὶ
3796 830 3896 898 τὴν
3924 833 4043 883 ἐκεῖ·

2498 913 2589 965 θεν
2623 913 2833 982 ἀηδίαν,
2882 917 3210 981 φευγόντων,
3260 915 3288 968 δ
3322 918 3419 969 καὶ
3466 918 3575 970 τῶν
3609 919 3810 972 ὀδυνῶν
3848 920 4040 982 τούτοις

2494 1003 2903 1075 ὀδυνηρότερον,
2935 1004 3064 1057 ὥστ’
3098 1006 3171 1067 ὡς
3206 1007 3270 1059 ἀν
3317 1007 3577 1071 πολλάκις
3611 1012 3809 1072 αὐτοὺς
3850 1014 3915 1079 τῇ
3949 1012 4031 1080 τῆς

2494 1095 2685 1167 ὀδύνης
2714 1096 3008 1166 δριμύτητι
3035 1100 3113 1160 εἰς
3148 1096 3378 1167 βρόχων,
3409 1099 3440 1168 ἢ
3475 1101 3754 1169 κρημνῶν,
3790 1102 3823 1172 ἢ
3877 1104 4038 1170 ξίφους

2494 1189 2793 1255 ἑπιθυμῖαν
2826 1188 2999 1242 ἐλθεῖν
3042 1190 3377 1257 ἀναγκάσαι.
3428 1190 3495 1249 Et
3524 1191 3578 1243 at
3608 1191 3673 1261 δὴ
3706 1194 3802 1247 καὶ
3827 1193 4037 1265 ,δοίημεν

2497 1277 2774 1346 μηδεμίαν
2811 1278 2920 1331 ἀπὸ
2946 1277 3038 1331 τοῦ
3075 1278 3323 1347 σώματος
3356 1279 3607 1349 ταραχὴν
3641 1282 3953 1349 συμϐαίνειν
3982 1286 4035 1353 τῇ

2495 1369 2666 1438 ψυχῇ,
2717 1368 2744 1422 ὃ
2779 1370 3073 1440 γενόμενον
3116 1370 3225 1424 τῶν
3262 1371 3583 1441 παραδόξων
3627 1372 3694 1426 άν
3729 1373 4032 1444 νομισθείη·

2494 1461 2577 1522 τίς
2608 1460 2673 1514 ἀν
2722 1462 2973 1537 ἀρκέσειε
3021 1461 3383 1531 διηγούμενος
3407 1463 3498 1515 τὸν
3525 1464 3584 1515 ὲν
3613 1466 3833 1534 νεότητι
3880 1468 3965 1519 καὶ
3986 1468 4035 1519 ὑ-

2496 1553 2643 1622 γιεία
2677 1554 2829 1621 παρά
2878 1553 2986 1605 τῶν
3018 1553 3287 1620 σωμάτων
3314 1557 3438 1615 ταῖς
3481 1553 3681 1623 ψυχαῖς
3709 1556 4035 1625 ἐγειρόμενον

2498 1645 2662 1697 σάλον
2680 1662 2693 1708 ;
2714 1645 2977 1714 Ἀτεχνῶς
3000 1646 3107 1715 γὰρ
3131 1646 3240 1697 οὐδ’
3262 1645 3543 1715 ἀνθρωττοι
3567 1646 3688 1698 τότε
3723 1647 4035 1716 συγχωροῧθι

2491 1754 2580 1788 ται
2618 1732 2757 1788 εἶναι
2789 1736 2836 1787 ot
2871 1735 3170 1805 ἀνθρωττοι,
3194 1735 3403 1807 ῶσπερ
3458 1737 3563 1790 ύπό
3596 1754 3757 1790 τινων
3799 1739 4031 1807 κυμάτων

2490 1823 2583 1876 τού
2615 1824 2713 1891 τῆς
2741 1824 2977 1900 διανοίας
3004 1824 3273 1885 κλύδωνος
3305 1825 3386 1886 είς
3414 1825 3514 1894 τὴν
3548 1823 3658 1876 τῶν
3682 1824 3890 1890 ἀλόγων
3920 1827 4032 1890 ἐξω-

2489 1912 2739 1981 θούμενοι
2773 1916 2954 1977 φύσιν.
2990 1915 3062 1966 Τὸ
3118 1914 3227 1985 γάρ
3274 1913 3686 1980 ἀνδραποδῶδες
3734 1913 3835 1980 τῆς
3872 1914 4026 1983 ψυχῆς

2489 2001 2581 2053 καὶ
2616 1999 2889 2053 δουλεύειν
2934 2000 3148 2067 ὀφεῖλον
3181 2000 3259 2069 τῷ
3294 1999 3457 2067 λόγῳ,
3508 1999 3702 2069 καιροῦ
3726 2000 4018 2069 λαϐόμενον,

2488 2095 2583 2146 καὶ
2614 2092 2701 2146 διὰ
2730 2093 2889 2163 κόρον
2910 2092 3151 2163 ύδρίζον,
3176 2091 3458 2156 στασιάζει
3491 2094 3591 2161 μὲν
3617 2092 3752 2161 πρὸς
3784 2092 3872 2144 τὶν
3902 2093 4025 2155 νοῦν,

2488 2185 2580 2238 καὶ
2609 2185 2904 2238 ὑπακούειν
2928 2185 3025 2237 οὐκ
3053 2184 3127 2237 ἔτ’
3162 2184 3442 2254 ἀνέχεταιο
3471 2183 3726 2255 ἁρπάσαν
3752 2183 3807 2236 δὲ
3841 2184 3929 2253 τὴν
3947 2184 4028 2251 ψυ-

2486 2277 2607 2346 χὴν,
2642 2279 2768 2339 τοὺς
2799 2277 2897 2345 μὲν
2953 2276 3241 2345 σώφρονας
3294 2276 3402 2328 τῶν
3465 2274 3751 2343 λογισμῶν
3803 2276 3891 2326 καὶ
3916 2292 4029 2327 κοτ-

2489 2367 2646 2436 μίους
2675 2370 2871 2435 φυγαῖς
2908 2369 3005 2420 καὶ
3028 2366 3280 2437 ἀτιμίαις
3325 2366 3584 2431 κολάζει·
3632 2364 3701 2417 δι’
3753 2362 3938 2417 ἑαυτοῦ
3982 2363 4030 2415 δὲ

2485 2460 2849 2525 ποιησάμενον
2914 2459 3014 2527 τὴν
3082 2458 3416 2528 ἡγεμονίαν,
3490 2456 3574 2525 ἐφ’
3625 2456 3655 2509 δ
3712 2472 3766 2508 τι
3829 2455 3891 2507 av
3946 2455 4027 2507 τύ-

2487 2566 2591 2619 χοι.
2642 2552 2907 2619 φέρεται·
2946 2550 3149 2620 ἀρετῆς
3210 2549 3311 2617 μὲν
3358 2549 3544 2616 πάσης
3595 2546 3671 2609 ὡς
3724 2544 4027 2610 ἀδυναμίας.

2486 2640 2883 2709 καταφρονοῦν,
2948 2643 3117 2711 μόνην
3145 2640 3201 2692 δὲ
3244 2638 3469 2708 ἀνδρίαν
3498 2638 3600 2706 τὴν
3629 2636 3833 2691 κακίαν
3870 2635 4029 2703 οίόμε-

2482 2748 2606 2784 νον’
2646 2734 2736 2785 καὶ
2764 2734 2950 2785 λοιπὸν
3000 2735 3217 2800 συνεχεῖ
3270 2732 3433 2801 μέθῃ,
3478 2732 3576 2783 καὶ
3627 2728 3909 2796 ἀκολασίᾳ,
3951 2727 4029 2779 καὶ

2484 2825 2631 2893 πάσῃ
2667 2824 3007 2892 παρανομίᾳ,
3046 2824 3135 2873 τὸν
3180 2820 3467 2891 ἄνθρωπον
3508 2819 3876 2888 παραδίδωσιο
3906 2816 4027 2885 πλὴν

2483 2913 2747 2981 ὀνόματος
2776 2910 2941 2981 μηδὲν
2974 2910 3102 2964 ἀλλο
3129 2908 3449 2979 συγχωροῦν
3480 2906 3628 2975 αύτῴ
3656 2905 3750 2959 τοῦ
3783 2904 4027 2974 προτέρου

809 2999 991 3067 auriga
1022 3010 1234 3067 quoque
1263 2995 1382 3064 plus
1410 2995 1640 3060 laeditur,
1677 3012 1798 3050 cum
1831 2997 1955 3066 equi
1983 2999 2148 3052 ubere
2175 3000 2370 3070 pabulo
2407 3036 2452 3097 Ο

2407 3036 2452 3097 C
2485 3001 2752 3071 φέρεσθαι
2795 3002 3090 3070 σχήματος.
3124 2998 3314 3063 Οὕτως
3346 3001 3443 3068 οὐχ
3475 2990 3637 3069 ἦττον
3686 2997 3745 3047 ἐν
3774 2997 3891 3058 ταῖς
3918 2995 4024 3066 ἠδο-

810 3104 862 3143 ιτι
896 3091 1141 3145 satietate
1176 3087 1483 3146 lasciviunt.
1517 3096 1675 3157 atque
1707 3098 1909 3144 temere
1940 3091 2159 3153 saltant,
2222 3109 2381 3161 quam

810 3197 933 3236 cum
971 3181 1040 3235 ob
1062 3180 1254 3233 famem
1285 3188 1339 3231 et
1368 3178 1788 3233 imbecillitatem
1830 3181 1973 3235 lente
2023 3184 2379 3253 progrediun-

814 3288 923 3327 ἀτο

2492 3094 2607 3154 ναῖς
2641 3092 2672 3161 ἦ
2710 3094 2825 3155 ταῖς
2868 3092 3085 3160 ἀηδίαις
3128 3090 3224 3161 τὴν
3270 3090 3449 3161 ψυχὴν
3497 3088 3722 3156 ἀλγύνει
3772 3088 3832 3140 τὸ
3867 3085 4025 3151 σῶμα,

2492 3183 2694 3251 μᾶλλον
2719 3181 2761 3235 δ’
2797 3182 2935 3252 αὐτῇ
2963 3184 3111 3249 παρά
3130 3182 3229 3250 τῆς
3262 3182 3499 3243 ἀνέσεως
3538 3180 3743 3250 μείζων
3774 3181 3804 3247 ή
3838 3179 3993 3247 βλάϐη
4013 3192 4024 3208 ·

2484 3275 2605 3326 ἐπεὶ
2638 3274 2731 3327 καὶ
2759 3273 2971 3343 ἡνίοχος
3006 3274 3187 3343 χεῖρον
3224 3275 3290 3325 ἂν
3317 3272 3502 3335 πάθοι,
3530 3271 3619 3324 διὰ
3647 3270 3825 3336 κακὴν
3842 3270 4026 3335 τροφὴν

810 3364 904 3417 καὶ
936 3363 1097 3429 κόρον
1158 3358 1516 3428 σφριγῶντων
1574 3359 1723 3431 αὐτῷ
1762 3364 1857 3417 καὶ
1905 3362 2199 3434 πηδώντων
2243 3366 2493 3429 ἀτάκτως
2534 3366 2645 3420 τῶν
2714 3365 2918 3429 ἵππων,
2987 3366 3020 3435 ἢ
3069 3364 3136 3416 δι’
3182 3362 3451 3431 ἀτροφίαν
3516 3359 3613 3415 καὶ
3675 3360 3954 3414 ἀσθενειαν
3976 3357 4025 3427 ἡ·

812 3461 950 3527 συχῆ
982 3454 1304 3525 προῖόντων.

1404 3546 1633 3603 CAPUT
1686 3545 1801 3600 XX.

880 3646 1054 3711 Atque
1083 3642 1197 3698 hac
1225 3644 1369 3697 dicta
1401 3642 1560 3696 nobis
1605 3640 1717 3695 sint
1763 3639 1828 3694 ad
1864 3653 1957 3694 eos
2017 3642 2106 3708 qui
2142 3642 2373 3713 epinan-

810 3746 895 3787 tur
927 3735 1235 3788 hominibus
1271 3742 1392 3804 post
1418 3742 1648 3787 mortem
1682 3731 1817 3785 nillil
1844 3746 1965 3787 esse
2000 3734 2217 3803 reliqui,
2278 3737 2375 3791 sed

808 3828 989 3878 omnia
1024 3827 1233 3895 perire;
1260 3826 1464 3895 quique
1493 3832 1705 3893 putant,
1734 3838 1850 3877 eam
1882 3824 1980 3878 bac
2008 3825 2073 3879 de
2098 3840 2258 3880 causa
2288 3843 2375 3881 re-

812 3932 930 3967 rum
984 3918 1345 3968 humanarum
1375 3929 1497 3968 esse
1556 3915 1865 3983 pessimam.
1921 3915 1998 3969 Ac
2057 3917 2244 3970 eadem
2302 3918 2369 3973 ad

814 4010 1253 4076 persuadendum
1285 4008 1352 4062 iis
1377 4010 1564 4069 etiam.
1598 4007 1853 4062 videntur
1906 4007 2035 4062 satis
2089 4022 2229 4074 esse,
2264 4010 2361 4080 qui

811 4115 914 4150 non
942 4100 1254 4153 tardissimo
1282 4108 1409 4152 sunt
1437 4098 1672 4168 ingenio,
1730 4098 1890 4152 licere
1926 4098 2085 4152 nobis
2135 4100 2264 4155 alibi
2294 4101 2371 4155 vi-

3075 3542 3322 3599 ΚΕΦΔΔ.
3368 3540 3455 3597 κ’.

2554 3638 2699 3709 Πρὸς
2724 3639 2823 3707 μιν
2852 3638 2945 3690 οὖν
2996 3638 3122 3699 τοὺς
3154 3634 3439 3707 οἰομένους
3482 3633 3653 3703 μηδὲν
3685 3633 3799 3696 τοῖς
3828 3631 4017 3700 ἀνθρώ-

2483 3737 2606 3792 τὶοις
2657 3731 2796 3799 μετά
2823 3729 2915 3783 τὸν
2948 3728 3183 3782 θάνατον
3219 3726 3530 3788 λείπεσθαι,
3561 3723 3698 3775 ἀλλά
3749 3727 4017 3777 παντάπα-

2480 3840 2567 3875 σιν
2596 3821 2957 3885 ἀπόλλυσθαι,
2990 3823 3082 3875 καὶ
3116 3820 3203 3873 διὰ
3249 3818 3392 3872 τοῦτ’
3424 3821 3593 3872 αὑτὸν
3623 3820 3897 3890 χείριστον
3922 3819 4015 3871 τῶν

2476 3914 2750 3986 ἀνθρώπῳ
2786 3912 3198 3983 συμϐαινόντων
3248 3910 3587 3980 νομίζοντας.
3633 3911 3869 3964 τοσαῦτα
3901 3910 4015 3979 ἡμίν

2473 4004 2971 4075 είρὴσθω.“’ίκανέι
3000 4004 3055 4057 δὲ
3106 4002 3256 4056 δοκεῖ
3310 4018 3401 4071 μοι
3451 4003 3576 4063 τοὺς
3607 4002 3684 4070 μὴ
3721 4004 4013 4055 παντάπασι

2468 4096 2684 4167 βραδεῖς
2736 4099 3092 4159 καταπεῖσαι,
3126 4095 3199 4159 ὡς
3233 4094 3347 4147 ἐστι
3394 4094 3489 4146 καὶ
3534 4094 3684 4161 παρά
3726 4095 3908 4147 τοῦτον
3936 4094 4011 4144 τὸν

811 4202 957 4247 vere,
993 4188 1153 4240 etiam
1188 4196 1339 4240 extra
1369 4188 1508 4239 bane
1534 4187 1719 4249 vitam,
1742 4202 1809 4240 eo
1836 4188 1979 4255 quod
2028 4188 2079 4240 iu
2106 4188 2265 4243 nobis
2315 4198 2371 4244 et

2360 4198 2371 4243 ι
2469 4188 2586 4258 βίον
2614 4187 2797 4241 ἄλλοθι
2827 4189 2926 4257 ζῇν
2967 4187 3045 4255 τῷ
3086 4185 3335 4256 μεγίστῳ
3375 4184 3483 4236 τῶν
3514 4186 3571 4236 ὲν
3605 4186 3741 4253 ἡμῖν
3775 4185 3863 4237 καὶ
3892 4183 4011 4235 θειο-

808 4279 1105 4333 maximum
1150 4288 1237 4332 est
1278 4286 1332 4332 et
1378 4278 1777 4333 divinissimum
1813 4296 1826 4332 :
1856 4286 1913 4332 ut
1970 4288 2023 4332 et
2070 4280 2369 4335 incolumes

2360 4296 2369 4335 ι
2466 4280 2637 4347 τάτῳ,
2676 4280 2773 4332 καὶ
2805 4277 3148 4346 σωζομένους
3174 4276 3269 4330 καὶ⁸
3297 4272 3479 4338 ὂντας.
3522 4276 3631 4329 Καί
3658 4292 3740 4330 τοι
3761 4276 3853 4338 τὰς
3878 4274 4011 4344 μεγί-

808 4374 998 4434 simus,
1030 4380 1087 4423 et
1118 4385 1553 4439 permaneamus.
1592 4369 1825 4425 Tametsi
1862 4370 2122 4425 maximas
2181 4380 2236 4427 et
2270 4382 2363 4426 u-
2394 4379 2449 4440 ι)

2361 4403 2363 4410 ν
2394 4379 2449 4440 ι)
2475 4384 2606 4432 στας
2636 4368 2745 4421 τῶν
2773 4366 3104 4431 ἀποδείξεων
3131 4366 3223 4418 καὶ
3271 4364 3629 4435 ισχυροτάτας
3670 4365 3910 4434 παρῆκα,
3956 4358 4012 4413 δι’

813 4465 1101 4519 lidissimas
1128 4465 1619 4519 demonstrationes
1647 4464 1997 4537 pratermisi,
2034 4464 2231 4533 quibus
2286 4480 2373 4521 sa-

812 4573 900 4612 cra
924 4572 1139 4626 quoque
1168 4557 1384 4610 oracula
1436 4572 1556 4610 cum
1590 4556 1691 4619 his,
1722 4571 1838 4626 qua:
1870 4557 2213 4625 protulimus,
2241 4570 2374 4611 con-

808 4648 1030 4709 sentire,
1072 4645 1431 4701 demonstrari
1460 4646 1743 4713 potuisset.
1788 4646 1920 4710 Qua
1952 4656 2070 4716 post
2101 4648 2241 4702 hanc
2290 4649 2370 4702 vi-

808 4750 917 4789 tam
946 4737 1073 4789 viris
1107 4736 1266 4791 bouis
1298 4744 1505 4788 tantxm
1535 4736 1952 4804 iucunditatem,
1991 4744 2195 4789 tantam
2241 4751 2368 4790 sua-

806 4833 1023 4883 vitatem
1051 4828 1390 4898 promittunt,
1422 4836 1482 4879 ut
1509 4827 1657 4880 nullo
1685 4827 1844 4881 modo
1872 4826 2056 4882 verbis
2105 4827 2363 4897 explicari

802 4932 1020 4988 queant:
1060 4918 1163 4973 nisi
1191 4920 1256 4973 ad
1292 4920 1430 4972 hanc
1458 4919 1879 4988 disputationem
1910 4919 2123 4972 rudiora
2162 4934 2216 4974 et
2249 4936 2366 4974 ma-

803 5015 883 5082 gis
911 5014 1066 5071 obs-ia
1110 5012 1356 5066 sensibus
1387 5011 1657 5065 adducere
1713 5012 2022 5066 voluissem.
2048 5008 2234 5066 Restat
2264 5012 2364 5083 igi-

805 5102 907 5167 tur,
948 5112 1003 5157 ut
1037 5114 1089 5158 et
1121 5104 1297 5156 tertiis
1325 5104 1527 5168 aliquid
1565 5105 2014 5173 respondeamus,
2075 5113 2130 5157 et
2174 5102 2362 5157 decla-

805 5211 1007 5255 remus,
1033 5210 1097 5247 ne
1143 5196 1382 5264 ipsorum
1413 5194 1631 5261 quidem
1686 5195 2038 5264 cogitationes
2077 5210 2263 5249 carere
2296 5196 2362 5249 ti—

804 5286 1042 5338 miditate
1073 5300 1179 5339 non
1216 5287 1599 5338 conveniente.
1653 5283 1728 5335 Ac
1762 5283 2020 5336 ultionem
2056 5298 2175 5336 esse
2214 5285 2358 5351 apud

803 5378 1233 5438 inl'eros,eorum
1258 5390 1378 5442 qua:
1400 5374 1978 5441 liic.delinquuntur,et
2000 5373 2182 5427 umltis
2208 5388 2357 5427 acer-

803 5467 1067 5519 bitatibus
1108 5466 1223 5528 illic
1255 5466 1470 5519 multari
1502 5464 1871 5518 redundantes
1901 5464 2062 5534 hujus
2096 5466 2355 5534 temporis

799 5558 1101 5626 voluptates
1129 5575 1141 5612 :
1177 5558 1316 5612 hanc
1335 5558 1649 5626 opinionem
1682 5558 1888 5622 iirmam
1920 5571 2065 5619 esse,
2124 5572 2231 5611 non
2256 5558 2353 5611 do-

796 5661 1003 5701 ctorum
1034 5659 1240 5703 tantum
1271 5651 1505 5705 virorum
1531 5665 1826 5705 consensus
1854 5650 2155 5730 approbat,~
2176 5651 2267 5704 sed
2295 5662 2351 5705 et

2472 4452 2549 4513 ὧν
2578 4454 2645 4529 ἧν
2676 4458 2772 4513 καὶ
2823 4457 2949 4520 τοὺς
2999 4457 3177 4521 θείους
3223 4457 3512 4525 χρησμοὺς
3556 4456 3669 4517 τοῖς
3719 4456 4011 4523 λεγομένοις

2474 4549 2648 4614 δεῖξαι
2681 4548 3225 4617 συμφθεγγομένους,
3256 4546 3308 4598 οῖ
3353 4546 3423 4599 es
3477 4547 3614 4617 μετά
3658 4544 3752 4598 τδν
3796 4544 4011 4611 παρόντα

2476 4640 2612 4709 βίον,
2640 4640 2764 4691 ὅσον
2787 4640 2898 4691 οὐδ’
2930 4641 3078 4692 ἐστιν
3111 4639 3312 4701 είπεῖνς
3343 4637 3479 4711 ⁴ἡδίω
3500 4637 3594 4690 καὶ
3623 4636 4014 4706 προσηνέστερα

2471 4732 2583 4791 τοῖς
2617 4730 2840 4797 ἀγαθοῖς
2886 4731 2997 4785 τῶν
3038 4730 3249 4801 ἀνδρῶν
3287 4730 3652 4799 προλέγουσιν
3698 4726 3939 4779 ἔσεσθαι·
3971 4721 4011 4775 εί

2472 4820 2548 4890 μὴ
2574 4822 2687 4885 τοῖς
2742 4821 3136 4889 ἁπλουστέροις
3186 4820 3388 4890 μᾶλλον
3434 4820 3531 4873 καὶ
3582 4819 3705 4880 ταῖς
3748 4814 4010 4883 αἰσθήσεσι

2469 4916 2910 4985 προχειροτέροις
2941 4900 3406 4985 ἐϐουλήθηναρδς
3437 4913 3538 4980 τὴν
3565 4910 3800 4975 διάλεξιν
3827 4910 4010 4979 χρήσα-

2470 5006 2617 5059 σθαι.
2646 5007 2850 5059 Λοιπὸν
2878 5007 3059 5061 τοίνυν
3082 5008 3175 5059 καὶ
3198 5010 3335 5078 πρὸς
3360 5005 3485 5066 τοὺς
3508 5002 3730 5075 τρίτους
3759 5002 3923 5055 είπεῖν
3942 5015 4007 5062 τι,

2467 5094 2563 5147 καὶ
2594 5096 2794 5159 δεῖξαι,
2835 5096 2971 5163 μηδὲ
3012 5098 3137 5158 τοὺς
3194 5095 3423 5150 ἐκείνων
3467 5094 3759 5161 λογισμοὺς
3794 5088 4012 5160 παραλόο

2465 5208 2563 5260 γου
2604 5194 2809 5253 δειλίας
2852 5190 3329 5261 ἀπηλλαγμένους.
3365 5181 3516 5237 Εἶναι
3560 5185 3659 5254 μὲν
3679 5179 3775 5237 οὖν
3812 5187 3866 5236 ἑν
3895 5181 4005 5251 ᾷῗου

2464 5287 2603 5339 τίσιν
2661 5288 2769 5337 τῶν
2817 5283 3051 5339 ἐνταῦθα
3101 5277 3590 5348 ἁμαρτανομένων,
3652 5277 3745 5328 καὶ
3797 5276 3890 5342 τῆς
3923 5270 4005 5323 νῦν

2461 5379 2571 5431 τῶν
2628 5376 2831 5444 ἡδονῶν
2858 5372 3124 5445 ἀμετρίας
3157 5369 3338 5439 ἀηδῶν
3370 5370 3485 5421 ἐκεῖ
3512 5367 3723 5420 πολλῶν
3765 5365 4003 5421 ἀντιδίδο-

2463 5475 2587 5525 σθαι
2634 5472 2849 5538 πεῖραν,
2900 5468 2997 5534 οὐχ
3048 5467 3079 5535 ή
3134 5463 3241 5514 τῶν
3287 5462 3467 5532 σοφῶν
3514 5462 3732 5513 πάντων
3771 5452 4003 5528 ὁμολογία

2462 5564 2619 5629 μόνον
2652 5560 2927 5630 ἐρρῶσθαι
2952 5558 3049 5625 τὴν
3080 5555 3239 5619 δόξαν
3269 5554 3473 5623 ταύτην
3500 5553 3823 5622 παρίστησιν
3842 5590 3855 5615 ,

2460 5654 2549 5705 καὶ
2584 5655 2614 5717 ἡ
2648 5629 2744 5717 τῆς
2773 5651 2926 5713 θείας
2973 5642 3329 5713 δικαιοσύνης
3366 5644 3584 5715 ἰσότης·
3614 5639 3646 5719 ᾖ
3699 5647 3889 5703 πάντες
3917 5629 4001 5691 καὶ
