4180 6324
662 415 796 480 1⁵219

651 542 815 601 atque
890 528 1189 585 doctrinam
1282 527 1561 581 exornatis
1635 527 2012 581 adversantur.

651 622 916 691 siquidem
992 618 1307 673 Latinorum
1364 620 1616 671 universa
1670 634 1801 686 gens
1871 621 2207 673 concordare

652 712 975 781 reperietur,
1032 709 1325 763 dummodo
1376 720 1587 763 attente
1627 709 1895 777 quispiam
1960 712 2209 764 conside-

649 820 775 857 rans
813 802 1183 857 ecclesiastica
1210 802 1458 869 dogmata
1508 800 1812 869 dijudicare
1845 816 1950 853 non
1984 816 2204 870 recusa-

1801 415 2084 475 ΜᾹΧΙΜΙ
2132 414 2702 477 (ΞῙΗΞΥΞΟΒΕΒΟίΕ

3758 421 3838 441 Α’Ἷ,

3758 421 3838 441 aa,

3732 420 3861 481 lzzd

2115 528 2205 583 llis
2234 542 2277 598 Α
2310 531 2614 599 ἐφάψασθαι
2648 530 2908 600 βούλοιτο.
2957 532 3109 601 Ἐμοὶ
3140 532 3270 601 γὰρ,
3301 525 3345 586 ὧ
3387 531 3577 601 ἄνδρες
3618 534 3861 603 Κρῆτες.

2309 625 2441 694 περὶ
2493 625 2601 676 τῶν
2657 626 2917 704 τοιούτων
2960 626 3264 695 εἰλικρινῶς
3321 626 3487 678 πάλαι
3520 626 3861 694 λογιζομένῳ

2305 715 2392 768 διὰ
2432 716 2488 768 τὸ
2520 717 2656 785 πρὸς
2686 716 2809 777 τοὺς
2841 718 3103 779 Λατίνους
3136 720 3289 785 μῖσος
3338 716 3555 770 δοκοῦσι
3585 718 3729 782 τινὲς
3770 720 3868 772 ἐκ·

2308 806 2740 872 πεπολεμῶσθαι
2768 809 2863 858 καὶ
2902 810 3016 869 τοῖς
3045 808 3143 875 τῆς
3172 808 3403 868 πίστεως
3424 809 3623 875 λόγοις.

649 901 804 948 verit.
838 896 963 948 Milli
1012 897 1231 955 etenim,
1283 909 1314 945 o
1372 893 1469 945 viri
1530 896 1843 979 Cretenses,
1900 894 2069 945 multo
2135 894 2201 945 ali
2259 894 2383 948 hinc
2438 906 2681 967 tempore
2730 898 2939 952 sincere
2990 901 3087 952 ista
3138 899 3490 962 cxaminanti,
3546 898 3615 953 ob
3674 898 3862 951 odium

648 989 701 1041 in
737 988 956 1040 Latinos
983 986 1243 1039 videntur
1288 985 1532 1038 nonnulli
1574 985 1739 1038 etiam
1792 984 2025 1038 decretis
2066 984 2188 1038 ﬁdei
2224 986 2521 1041 adversari.

718 1086 782 1138 ll.
815 1087 1108 1153 qu~umus
1144 1096 1270 1134 vero
1323 1080 1398 1143 id,
1448 1080 1723 1148 antiquam
1771 1080 1977 1133 dissidii
2037 1079 2199 1147 origi-

644 1192 766 1227 nem
800 1173 1194 1230 examinantes,
1230 1172 1661 1237 deprehendere.
1690 1172 1813 1223 Erat
1850 1180 1960 1223 tuin
1990 1171 2194 1223 Christi

648 1265 900 1317 l‘leclosize
953 1263 1370 1329 complementa,
1416 1276 1574 1326 quam
1623 1260 1870 1315 Christus
1917 1261 2197 1330 discipulis

644 1356 953 1421 reliquerat.
1017 1364 1069 1403 et
1126 1351 1358 1401 mundus
1408 1365 1513 1401 non
1567 1350 1681 1411 dat,
1734 1366 1912 1419 neque
1970 1351 2193 1419 accipit,

645 1446 820 1498 unitas
866 1454 919 1496 et
968 1434 1067 1509 pax
1122 1459 1140 1507 ;
1202 1444 1491 1509 omniaque
1545 1442 2195 1497 ﬁdelibus'eonvenieus

642 1535 929 1589 concordia
962 1535 1283 1600 occupabat,
1312 1534 1557 1601 nihilque
1580 1543 1695 1585 erat
1751 1532 1896 1601 quod
1935 1532 2191 1585 traditum

646 1640 675 1677 a
708 1625 954 1677 l'atribus
994 1624 1238 1676 ordinem
1289 1632 1647 1690 perverteret,
1684 1624 1777 1676 sed
1819 1623 2028 1690 singula
2073 1637 2195 1689 pro-

643 1705 773 1781 priis
831 1713 1030 1765 ﬁnibus
1069 1711 1383 1779 praescripta
1443 1712 1509 1764 ad
1546 1727 1760 1763 sacrum
1795 1722 2023 1778 speratae
2065 1712 2187 1762 bea-

644 1800 889 1853 titudinis
919 1812 1129 1868 portum
1159 1800 1550 1866 dirigebantur.
1598 1801 1748 1854 Licet
1789 1814 1944 1852 antea
1996 1800 2193 1867 saepius

643 1893 932 1945 multorum
994 1892 1268 1945 temeritas
1299 1906 1403 1944 n0u
1456 1905 1652 1959 parvas
1702 1892 1952 1945 Ecclrsite
2006 1892 2193 1943 turbas

641 1982 1000 2045 conciliasset,
1059 1981 1161 2034 alia
1208 1996 1365 2049 super
1427 1982 1530 2033 alia
1583 1982 1873 2046 innovatis,
1925 1990 1979 2034 et
2038 1982 2193 2034 novis

640 2075 1002 2126 absurdorum
1047 2076 1372 2127 commentis
1419 2073 1587 2139 probe
1639 2082 1837 2127 statuta
1882 2087 1943 2125 ac
1973 2072 2190 2127 deﬁnita

643 2174 936 2215 concutere
986 2178 1207 2230 prorsus
1254 2162 1602 2231 aggrediens,
1650 2173 1706 2216 et
1766 2177 1911 2215 nunc
1970 2163 2186 2230 quidem

644 2253 760 2306 Filii
804 2253 893 2306 Dei
954 2254 1217 2307 divinitati
1270 2253 1529 2305 humilem
1558 2253 1929 2320 abjectamque
1974 2253 2189 2321 opinio.

2376 1083 2451 1137 B’.
2502 1085 2728 1137 Σκοπεῖν
2768 1084 2824 1138 δὲ
2872 1085 3082 1150 ἔξεστιν
3127 1086 3337 1138 ἀνωθεν
3391 1088 3490 1156 τὴν
3525 1089 3700 1159 ἀρχὴν
3753 1092 3863 1159 τῆς

2302 1170 2617 1240 διαιρέσεως
2650 1175 3022 1240 ἐξετάζοντας.
3054 1172 3162 1229 Ἦν
3193 1178 3277 1228 ὅτε
3301 1172 3367 1244 ἦν
3388 1177 3464 1246 τῷ
3494 1180 3591 1248 τῆς
3627 1179 3864 1251 Ἐκκὶη-

2305 1267 2425 1326 σίας
2452 1262 2544 1316 τοῦ
2590 1268 2825 1336 Χριστοῦ
2864 1268 3221 1336 πληρώματι,
3253 1270 3319 1339 ἢν
3356 1272 3563 1334 ἐκεῖνος
3604 1275 3867 1328 κατέλιπε

2301 1361 2415 1419 τοῖς
2455 1358 2721 1425 μαθηταῖς
2753 1360 2962 1429 εἰρήνη,
2993 1361 3058 1428 ῆν
3087 1362 3114 1412 ό
3142 1361 3344 1429 κόσμος
3372 1363 3431 1414 οὐ
3466 1362 3702 1429 δίδωσιν,
3733 1363 3864 1417 οὐτε

2301 1446 2551 1515 δέχεται,
2600 1450 2692 1501 καί
2743 1452 2921 1504 πάντα
2972 1453 3221 1519 κατεῖχεν
3277 1454 3309 1519 ἡ
3366 1455 3580 1514 πιστοῖς
3635 1456 3867 1524 ἀνδράσι

2304 1541 2679 1606 συμῦαίνουσα
2700 1542 3005 1609 συμφωνία,
3035 1542 3185 1595 οὐδέν
3214 1561 3271 1597 τε
3295 1545 3396 1613 τὴν
3419 1547 3868 1616 παραδεδομένην

2301 1630 2405 1681 ὑπο
2439 1631 2547 1682 τῶν
2579 1633 2836 1700 Πατέρων
2852 1632 3003 1695 τάξιν
3052 1634 3257 1702 ὴϐἐτει·
3287 1634 3402 1687 ἀλλ’
3426 1637 3628 1688 ἕκαστα
3669 1638 3865 1706 ἔμενεν

2301 1724 2359 1773 ἐν
2385 1724 2495 1783 τοῖς
2525 1726 2693 1791 ὁρίοις
2726 1725 2837 1786 τοῖς
2890 1724 3097 1777 ἑαυτῶν
3154 1728 3592 1793 κατευθυνόμενα
3633 1730 3770 1797 πρὸς
3800 1734 3867 1781 τ’)

2303 1814 2446 1883 ἱερὸν
2463 1816 2611 1875 τέλος
2634 1816 2726 1881 τῆς
2753 1816 3117 1884 ἐλπιζομένης
3153 1820 3581 1887 μακαριότητος.
3604 1822 3866 1889 Καίτοιγε

2299 1905 2558 1966 πολλάκις
2578 1905 2844 1973 πρότερον
2877 1908 2909 1974 ὴ
2936 1906 3097 1958 τινῶν
3133 1907 3395 1960 αὐθάδεια
3424 1911 3485 1960 οὐ
3513 1913 3703 1979 μικρὸν
3731 1914 3869 1981 ἐπή-

2298 2011 2459 2061 νεγκε
2496 1997 2560 2063 τῇ
2604 1996 2901 2065 Ἐκκλησία
2933 1996 3196 2060 κλύδωνα,
3234 2000 3371 2052 ἄλλα
3413 1999 3499 2051 ἐπ’
3530 2001 3709 2062 ἀλλοις
3736 2018 3860 2053 και·

2297 2083 2617 2152 νοτομοῦσα,
2637 2084 2728 2137 καὶ
2745 2085 2879 2148 ὅλως
2905 2089 3022 2148 ταῖς
3052 2087 3272 2148 ἀτόποις
3295 2088 3547 2154 εὐρέσεσι
3578 2091 3644 2140 τὰ
3683 2089 3869 2151 καλῶς

2296 2176 2652 2244 κεκυρωμένα
2669 2178 2922 2230 διασείειν
2942 2178 3311 2247 ἐπιχειροῦσα.
3337 2181 3444 2233 Καὶ
3460 2181 3553 2233 νῦν
3577 2182 3674 2249 μὲν
3690 2184 3753 2251 τῇ
3770 2179 3867 2233 τοῦ

2297 2268 2426 2321 Υίοῦ
2451 2269 2544 2320 τοῦ
2560 2268 2691 2321 Θεοῦ
2714 2270 2928 2339 θεότητι
2947 2271 3279 2341 χαμαίζηλόν
3308 2264 3428 2323 τινα
3450 2273 3540 2324 καὶ
3560 2289 3867 2341 μικροπρε-

639 2358 763 2395 nem
812 2342 1130 2411 appingens,
1187 2356 1331 2395 nunc
1381 2342 1605 2411 Spiritui
1640 2343 1783 2395 illius
1842 2342 2063 2394 insidias
2093 2355 2186 2409 pa-

2297 2360 2378 2427 πῆ
2424 2362 2799 2428 περιάπτουσα
2831 2361 3008 2425 δόξαν,
3030 2359 3122 2413 νῦν
3168 2362 3224 2414 δέ
3264 2361 3342 2429 τῷ
3370 2362 3641 2431 Πνεύματι
3695 2361 3866 2414 αὐτοῦ

641 2450 787 2498 rans,
826 2444 881 2488 et
902 2451 997 2503 per
1042 2434 1154 2487 haec
1176 2434 1268 2487 Dei
1297 2432 1468 2488 Patris
1528 2433 1885 2502 principatum
1916 2433 2188 2497 refulgens,

639 2543 797 2595 quem
837 2528 1041 2581 honore
1092 2527 1345 2594 prosequi
1381 2541 1487 2577 non
1522 2540 1841 2593 possumus,
1875 2526 2000 2579 dum
2049 2526 2194 2592 ejus-

640 2620 762 2671 dem
792 2633 917 2670 cum
947 2632 1011 2671 eo
1060 2617 1340 2687 dignitatis
1388 2618 1697 2685 participes,
1722 2618 1792 2669 ita
1818 2616 2191 2685 imprudenter

647 2712 1088 2761 tultottestantur.
1123 2707 1225 2760 Alii
1271 2706 1490 2775 quidam
1532 2707 1773 2760 debitum
1805 2705 2025 2759 Christo
2082 2708 2195 2757 cul-

646 2811 759 2854 tum
816 2810 1144 2860 asserentes,
1196 2814 1338 2853 novo
1394 2798 1627 2867 quodam
1671 2798 1829 2851 modo
1856 2798 2054 2851 bellum
2116 2798 2191 2849 illi

644 2892 885 2945 indicere
919 2890 1386 2959 aggrediebantur,
1430 2905 1534 2943 non
1584 2890 2046 2959 lingua'tantum,
2098 2888 2192 2943 Sed

646 2983 806 3035 etiam
875 2998 1060 3036 manu.
1131 2982 1266 3037 Cum
1327 2985 1473 3036 enim
1515 2982 1680 3057 illius
1729 2984 2019 3052 imaginem
2069 2983 2194 3036 odio

652 3083 1131 3141 prosequi-rentur,
1174 3072 1461 3142 effigi-alunt
1526 3073 1579 3127 in
1629 3075 1743 3143 ipsa
1774 3073 2191 3139 dedecorabant.

566 3222 568 3226 τ
645 3163 733 3215 Sic
774 3164 1072 3230 antiquitus
1120 3163 1470 3217 multiformis
1504 3178 1659 3217 error
1701 3179 1797 3231 per
1827 3164 2029 3217 multos
2064 3166 2195 3217 sub-

645 3268 863 3306 secutos
902 3268 1075 3306 annos
1128 3254 1295 3307 veluti
1329 3255 1617 3323 multiceps
1650 3254 1842 3324 hydra,
1886 3255 2193 3309 universam

652 3344 834 3395 Asiam
860 3353 912 3395 et
937 3354 1196 3411 potiorem
1216 3342 1440 3411 Europa:
1465 3354 1671 3414 partem
1707 3346 2025 3417 pervadens,
2055 3362 2199 3401 nunc

648 3434 1057 3502 patrarcharum
1103 3443 1154 3487 et
1182 3433 1556 3503 episcoporum
1594 3437 2048 3491 exsecrandorum
2082 3452 2199 3491 ser-

650 3525 925 3587 monibus,
945 3538 1088 3575 uuue
1112 3523 1496 3592 imperatorum
1519 3525 1604 3579 vel
1627 3536 1974 3596 tyrannorum
2004 3536 2197 3597 poten-

650 3617 741 3675 tia,
783 3630 973 3667 sanum
1001 3600 1253 3667 Ecclesia:
1290 3628 1487 3682 corpus
1529 3613 1846 3670 infestabat.
1872 3615 1938 3669 Et
1975 3617 2198 3685 quilibet

2298 2451 2673 2519 ἐνεδρεύουσα.
2695 2454 2784 2505 καὶ
2807 2452 2896 2506 διὰ
2914 2452 3114 2504 τούτων
3146 2452 3237 2505 καὶ
3258 2453 3356 2523 τήν
3377 2453 3469 2506 τοῦ
3495 2452 3626 2506 Θεοῦ
3651 2453 3863 2521 Πατρος

2297 2543 2471 2611 ἀρχὴν
2490 2542 2776 2605 ἀθετοῦσα,
2794 2543 2852 2595 ὃν
2869 2543 2965 2594 οὐκ
2994 2542 3108 2595 εστι
3139 2544 3308 2613 δήπου
3336 2546 3500 2614 τιμᾷν
3518 2544 3624 2596 τῶν
3651 2546 3745 2612 τῆς
3766 2545 3866 2595 αὐ-

2298 2633 2396 2698 τῆς
2424 2631 2574 2695 ἀξίας
2596 2632 2744 2701 αὐτῷ
2774 2633 3187 2697 κοινωνούντων,
3212 2634 3382 2698 οὕτως
3412 2636 3638 2703 ἀμαθῶς
3657 2638 3864 2701 ἀτιμαο

2301 2721 2557 2790 ζομένων.
2574 2724 2754 2775 Ἀλλοι
2767 2724 2821 2776 δέ
2839 2740 2978 2785 τινες
3000 2727 3292 2792 φάσκοντες
3309 2728 3399 2779 τὸν
3416 2729 3619 2796 Χριστὸ
3660 2726 3732 2789 ὡς
3752 2727 3859 2796 χρὴ

2302 2814 2575 2880 σέϐεσθαι,
2595 2816 2752 2868 ἀλλον
2779 2815 2979 2885 τρόπον
3012 2817 3322 2886 καινότερον
3358 2820 3675 2889 ἐπεχείρουν
3710 2819 3860 2889 αὐτῷ

2301 2906 2566 2975 πολεμεῖν
2598 2908 2655 2960 οὐ
2680 2907 2911 2980 γλώττῃ,
2948 2909 3063 2962 ἀλλ’
3095 2910 3193 2980 ἤδη
3228 2912 3317 2962 καὶ
3351 2911 3512 2981 χειρί.
3556 2912 3859 2983 Ἀποστρε-

2303 3000 2529 3065 (pcipe/ot
2555 2999 2661 3065 γάρ
2691 2997 2788 3066 τὴν
2836 2990 3049 3052 ἐκείνου
3100 2999 3306 3062 εἰκόνα,
3362 2999 3523 3052 αὐτὸν
3555 3001 3729 3069 δήπου
3765 3002 3857 3053 τὸν

2300 3088 2696 3154 εἰκονιξόμενον
2739 3088 3031 3156 ἠτίμαζον.
3065 3090 3219 3143 Οῦτω
3272 3090 3438 3144 πάλαι
3487 3093 3520 3161 ἡ
3569 3092 3855 3161 πολυειδὴς

2302 3176 2480 3244 πλάνη
2526 3179 2739 3247 συχνοῖς
2792 3178 2989 3247 ἐφεξῆς
3040 3178 3237 3242 ἐτεσιν,
3286 3180 3475 3249 ὥσπερ
3510 3198 3593 3243 τις
3626 3183 3860 3234 πολυκέ-

2304 3266 2470 3333 φαλος
2495 3265 2626 3333 ’ὐδρα
2651 3266 2747 3331 τῆς
2789 3267 2972 3326 Ἀσίας
3003 3267 3203 3337 πάσης,
3227 3268 3361 3335 πρὸς
3388 3269 3442 3321 δὲ
3472 3270 3568 3322 καὶ
3596 3254 3857 3323 πλείστου

2307 3358 2505 3427 μέρους
2552 3359 2653 3427 τῆς
2709 3358 2979 3429 Εὐρώπης
3030 3363 3457 3431 περιγινομένη,
3495 3364 3589 3416 νῦν
3624 3364 3722 3432 μὲν
3757 3380 3861 3415 παρ

2304 3467 2330 3500 τ
2342 3451 2581 3520 ριαρχῶν
2614 3453 2707 3503 καὶ
2741 3453 3061 3505 ἐπισκόπων
3094 3455 3419 3523 καταράτων
3446 3454 3648 3522 λόγοις,
3681 3456 3774 3510 νῦν
3803 3457 3861 3508 δὲ

2308 3539 2565 3607 βασιλέων
2596 3542 2628 3611 ἢ
2660 3544 2935 3611 τυράννων
2977 3544 3206 3613 δυνάμει
3239 3546 3329 3597 ἐπὶ
3350 3545 3410 3597 τὸ
3443 3546 3682 3612 ὑγιαῖνον
3700 3546 3867 3615 σῶμα

2306 3632 2407 3700 τῆς
2445 3632 2768 3701 Ἐκκλησίας
2797 3635 3012 3703 ἐχρῆτο,
3057 3636 3152 3688 καὶ
3186 3637 3291 3697 πᾶς
3316 3636 3489 3690 ἐδόκει
3533 3634 3676 3691 εἶναι
3725 3640 3869 3703 ὲξὼο

648 3706 932 3757 videbatur
958 3718 1076 3757 esse
1108 3703 1352 3759 funditus
1380 3705 1710 3773 perdendus,
1734 3710 1825 3776 qui
1872 3716 1949 3774 tot
1996 3710 2194 3776 episco

2305 3726 2423 3790 λης,
2459 3724 2511 3784 ὃ,
2544 3726 2609 3778 ἂν
2632 3728 2725 3778 καὶ
2750 3727 3029 3780 ἀντειπεῖν
3062 3728 3337 3792 τοσούτοις
3387 3732 3711 3793 ἐπισκόποις
3740 3733 3872 3784 τολ-

650 3793 733 3861 pis
764 3807 865 3845 non
890 3792 1279 3859 acquiesceret,
1306 3793 1396 3846 sed
1416 3795 1786 3849 contradicere
1813 3812 1978 3851 ausus
2012 3798 2203 3851 {uisset

648 3887 779 3952 quia
806 3899 1026 3953 prorsus
1049 3888 1152 3945 rari
1180 3896 1352 3939 erant.
1377 3886 1479 3939 Tot
1499 3888 1766 3955 siquidem
1796 3901 1975 3950 erant.
1993 3892 2084 3959 qui
2112 3908 2202 3947 ve-

649 3977 859 4027 ritatem
885 3990 1008 4026 cum
1059 3975 1167 4027 vita
1223 3977 1468 4045 corporis
1514 3978 1886 4042 immutareut,
1913 3991 1967 4035 et
2006 3997 2205 4037 renun-

652 4065 798 4118 tiatis
832 4065 1120 4132 praesentis
1171 4067 1354 4120 saeculi
1401 4067 1631 4134 deliciis,
1664 4072 1936 4126 desiderio
1965 4074 2201 4129 cmlestis

648 4154 918 4207 [ruitiouis
945 4164 1277 4210 tenerentur.
1313 4157 1695 4215 Verumtamen
1725 4164 1866 4216 inter
1892 4174 1968 4218 tot
2007 4167 2197 4229 undas,

644 4252 701 4296 et
755 4245 1129 4297 vehementem
1179 4256 1551 4314 tempestatem
1606 4250 1671 4303 ab
1705 4251 1964 4320 improbis
1988 4252 2202 4309 ﬂatibus

644 4335 953 4396 excitatam,
985 4335 1238 4389 Ecclesia:
1273 4339 1459 4408 cymba
1493 4340 1743 4410 absorpta
1767 4357 1873 4395 non
1899 4352 2002 4409 est,
2024 4360 2200 4414 neque

648 4426 890 4477 veritatis
925 4425 1173 4501 lirmitas,
1200 4441 1301 4480 nec
1325 4428 1540 4482 decreta
1578 4445 1676 4483 nec
1700 4432 1897 4501 placita
1916 4439 2198 4489 tmmutata

648 4527 795 4567 sunt.
833 4514 1022 4569 Portas
1040 4500 1193 4568 enim
1228 4517 1388 4569 inferi
1416 4519 1677 4573 adversus
1703 4500 1936 4590 seipsam
1962 4524 2196 4591 hiantes,

650 4605 735 4674 pie
769 4615 935 4675 agetis
988 4606 1316 4677 minimeque
1356 4624 1649 4677 pavescens
1674 4649 1689 4673 ,
1744 4612 1930 4667 Jesum
1962 4615 2016 4666 in
2060 4616 2197 4685 ipsa,

649 4706 708 4752 ut
764 4698 1060 4759 videbatur,
1096 4687 1528 4754 obdormieutem
1550 4738 1566 4763 ,
1597 4704 1846 4769 precibus
1898 4707 2192 4770 excitabat,

648 4798 707 4839 nt
737 4789 909 4840 ventis
936 4802 997 4839 ac
1025 4791 1206 4842 mundi
1229 4776 1550 4859 tempestate
1577 4794 1876 4863 objurgatis
1917 4797 2195 4864 malaciam

648 4878 898 4932 tidelibus
936 4889 1265 4947 apportaret.
1301 4879 1543 4958 Namque
1574 4893 1765 4948 tuin,o
1803 4886 1924 4948 viri,
1978 4897 2195 4956 aposto-

2307 3816 2563 3883 μήσαιτο.
2596 3812 2776 3869 Ἦσαν
2800 3818 2854 3870 δέ
2888 3821 3107 3881 πάντως
3138 3820 3186 3872 οί
3215 3819 3446 3873 τοιοῦτοι
3477 3822 3726 3881 σπάνιοι·
3771 3840 3869 3875 το-

2306 3904 2486 3957 σοῦτοι
2518 3905 2627 3975 γὰρ
2656 3906 2705 3958 oi
2735 3906 2830 3975 τὴν
2874 3908 3130 3976 ἀλήθειαν
3175 3908 3272 3978 τῆς
3304 3908 3451 3977 ζωῆς
3481 3909 3574 3963 τοῦ
3608 3910 3866 3979 σώματος

2304 3996 2708 4064 ἀλλαττόμενοι,
2741 4000 2833 4050 καὶ
2882 4000 3171 4067 φεύγοντες
3216 4000 3316 4069 μέν
3346 4002 3407 4053 τὸ
3453 4002 3546 4055 τοῦ
3588 4005 3863 4074 παρόντος

2301 4086 2494 4148 αἰῶνος
2529 4088 2653 4157 ήδύ,
2707 4090 2986 4157 ἐφιέμενοι
3035 4091 3091 4143 δὲ
3146 4093 3240 4162 τῆς
3277 4094 3335 4146 ἐν
3371 4093 3621 4162 οὐρανοῖς
3670 4100 3861 4165 τυχεῖν

2301 4170 2657 4246 εὐφροσύνης.
2707 4181 2865 4235 Ἀλλὰ
2893 4183 3017 4252 μὴν,
3044 4177 3118 4263 ᾣν
3148 4185 3335 4252 ἄνδρες
3366 4186 3422 4236 ἐν
3452 4188 3728 4249 τοσούτοις
3756 4188 3861 4241 κύ-

2305 4284 2435 4334 μασι
2471 4270 2561 4318 καὶ
2591 4268 2817 4321 κλύδωνι
2843 4271 3077 4339 σφοδρῷ,
3104 4272 3378 4340 πνεύμασι
3397 4279 3656 4346 πονηροῖς
3680 4279 3861 4350 ἀναῤ-

2302 4359 2662 4427 ριπιζομένῳ,
2707 4362 2768 4412 οὐ
2821 4363 3159 4433 κατεκλύσθη
3215 4367 3617 4423 παντάπασιτύ
3648 4373 3860 4439 σκάφος

2298 4450 2395 4519 τῆς
2438 4452 2789 4521 Ἐκκλησίας,
2820 4454 2985 4535 οὐδ”Ιι
3022 4456 3117 4522 τῆς
3159 4456 3415 4527 ἀληθείας
3460 4461 3750 4530 ἀπόφασις,
3787 4466 3862 4537 ἡν

2301 4538 2427 4603 περὶ
2457 4539 2628 4605 αὐτῆς
2665 4540 2917 4609 εἴρηκεν,
2951 4540 3235 4612 ημειπται.
3275 4546 3384 4607 Τὰς
3417 4547 3591 4611 πύλας
3620 4551 3728 4620 γάρ
3760 4553 3860 4605 τοῦ

2299 4625 2424 4695 ᾅδου
2461 4628 2580 4679 κατ’
2607 4631 2775 4697 αὐτῆς
2815 4631 3049 4695 εὐσεϐῶς
3076 4636 3467 4702 ἀνοιγνυμένας
3492 4641 3589 4691 οὐκ
3617 4640 3865 4710 ἐκπλητ-

2299 4718 2584 4785 τομένους,
2617 4722 2777 4773 αὐτὸν
2810 4723 2900 4775 τὸν
2929 4724 2986 4777 ἐν
3013 4724 3147 4793 αὐτῇ
3196 4725 3407 4793 Ἰησοῦν
3447 4729 3729 4785 καθεύδειν
3769 4736 3860 4789 δο-

2299 4811 2497 4863 κοῦντα
2530 4813 2779 4880 δεήσεσιν
2804 4816 3020 4884 ἀνίστη,
3067 4817 3147 4869 ἵνα
3198 4822 3310 4882 τοῖς
3342 4823 3561 4890 ἀνέμοις
3593 4826 3860 4899 ἐπιτιμή-

2298 4917 2418 4964 σας,
2452 4902 2542 4953 καὶ
2575 4903 2646 4971 τῷ
2678 4904 2825 4971 σάλῳ
2850 4905 2965 4957 ατοῦ
3008 4910 3209 4976 κόσμου
3263 4912 3505 4981 γαλήνην
3552 4917 3860 4987 ἐργάσηται

647 4968 749 5021 lica
780 4967 959 5022 Romae
992 4970 1230 5024 Ecclesia
1259 4970 1512 5026 ﬂuctibus
1545 4973 1651 5028 illis
1680 4976 1930 5046 superior
1956 4987 2094 5041 erat,
2133 4988 2190 5033 et

2299 4994 2409 5054 τοῖς
2441 4967 2671 5058 πιστοῖς,
2708 4967 2907 5063 Ἐμενε
2942 4998 3049 5066 γὰρ
3077 4967 3342 5068 δηπουξῶ
3372 4967 3594 5073 άνδρες,⁸
3616 4967 3859 5077 ᾑῖέτὲξζ

649 5062 893 5128 cymbam
931 5061 1070 5114 hanc
1122 5070 1339 5114 temone
1402 5063 1619 5130 pietatis
1665 5068 1997 5135 guLeruabat
2041 5080 2098 5124 et
2138 5071 2197 5125 in

648 5155 993 5220 sempiterna:
1069 5156 1258 5223 patrne,
1316 5165 1531 5223 portum
1578 5160 1842 5228 cegebat,
1894 5161 2023 5214 dum
2105 5164 2195 5217 alii

652 5244 1021 5307 universarum
1098 5242 1459 5297 Ecclesiarmu
1545 5244 1784 5302 Orientis
1873 5254 2195 5318 patriarchae

618 5329 807 5399 ,Papa:
863 5332 1127 5386 obsistere
1174 5348 1282 5386 non
1331 5336 1691 5402 verebantur,
1744 5350 2025 5410 tyranuum
2069 5361 2193 5398 eum

651 5432 961 5490 reputantes
1028 5434 1544 5495 nuncupantesque,
1609 5434 1699 5499 qui
1764 5444 1946 5499 pastor
2018 5435 2197 5492 Eccle-

648 5513 743 5566 sia:
792 5523 944 5577 erat,
1020 5519 1160 5584 quod
1220 5530 1405 5571 secum
1474 5534 1579 5573 non
1639 5525 1991 5581 concor-daret
2023 5567 2037 5593 ,
2099 5532 2195 5585 sed

650 5620 790 5658 unus
870 5619 991 5657 cum
1065 5614 1239 5671 esset,
1319 5624 1347 5663 a
1417 5620 1651 5679 quatuor
1722 5614 1829 5671 illis
1884 5619 2192 5678 dissideret.

650 5695 787 5747 llinc
820 5696 1229 5752 criminationes
1282 5701 1463 5755 multa:
1512 5703 1769 5762 adversus
1808 5724 1993 5764 sanam
2043 5690 2187 5767 illam

652 5786 947 5841 Ecclesiam
998 5791 1243 5856 quotidie
1296 5794 1362 5849 ab
1402 5781 1468 5849 iis
1520 5796 1613 5873 qui
1649 5799 1713 5855 de
1745 5802 1981 5871 primatu
2022 5807 2195 5861 dicam

2307 5084 2528 5153 στολικὴ
2556 5084 2655 5153 τῆς
2701 5086 2916 5155 Ῥώμης
2954 5088 3246 5159 Ἐκκλησία
3278 5090 3388 5146 τῶν
3422 5101 3681 5164 κυμάτων
3704 5099 3854 5154 ἐκεί-

2306 5191 2407 5225 νων
2464 5174 2757 5243 ἀνώτερος,
2807 5177 3073 5246 ἐκυϐέρνα
3124 5194 3182 5230 τε
3228 5183 3379 5233 τουτὶ
3431 5185 3491 5237 τὸ
3522 5180 3851 5257 σκάφοξ³τῷ

2301 5263 2543 5333 πηδαλίῳ
2572 5264 2670 5332 τῆς
2698 5266 2980 5329 εὐσεϐείας
3005 5269 3145 5338 πρὸς
3175 5271 3265 5321 τὸν
3281 5274 3478 5341 λιμένα
3507 5274 3605 5344 τῆς
3625 5278 3873 5332 αίωνίου

2302 5355 2581 5424 πατρίδος.
2612 5357 2673 5409 Οἱ
2704 5356 2749 5406 δ’
2790 5356 2938 5413 ἄλλοι
2986 5359 3317 5430 πατριάρχαι
3340 5361 3446 5415 τῶν
3488 5364 3548 5417 ἐν
3593 5368 3659 5433 τῇ
3706 5365 3854 5440 Ἐὡᾳ

2301 5447 2491 5498 πασῶν
2573 5446 2911 5517 Ἐκκλησιῶν
2976 5449 3161 5516 ἠξίουν
3229 5452 3707 5510 ἀντικαθίστασθαι
3773 5458 3857 5527 τῷ

2301 5537 2485 5607 usus,
2519 5538 2614 5589 καὶ
2642 5538 2902 5607 τύραννον
2938 5538 3185 5607 ἐνόμιζον
3229 5543 3321 5596 καὶ
3351 5544 3583 5597 ἐκάλουν
3613 5548 3703 5598 τὶν
3731 5562 3857 5599 ποι-

2302 5628 2437 5697 μένα
2472 5627 2573 5697 τῆς
2602 5626 2950 5697 Ἐκκλησίας,
2979 5631 3060 5683 ὃτι
3091 5634 3272 5699 σφίσιν
3299 5634 3359 5684 οὐ
3388 5636 3707 5703 συνεφὼνει,
3733 5636 3857 5689 ἀλλ’

2303 5714 2383 5780 εἷς
2409 5720 2698 5788 τέσσαρσιν
2720 5718 2873 5775 οῦσιν
2899 5722 3133 5792 ἐμάχετο
3153 5762 3167 5776 .
3200 5722 3481 5778 Ἐντεῦθεν
3511 5727 3681 5779 αίτίαι
3722 5727 3859 5780 πολ-

2303 5810 2393 5861 λαὶ
2422 5813 2561 5863 κατά
2595 5812 2689 5875 τῆς
2736 5812 2921 5879 ὑγιοῦς
2971 5814 3293 5882 Ἐκκλησίας
3327 5816 3543 5886 ἐκείνης
3578 5816 3855 5884 ὁσημέραι
