4180 6324
193 322 326 386 122]

1190 331 1287 390 DE
1340 330 1858 392 PROCESSIONE
1902 334 1962 393 S.
2004 336 2381 398 SPIRITUS.

3268 335 3408 426 1225

182 447 419 502 ἐκείνου
449 450 746 516 πρόοδον;
770 450 836 503 Ὠ
877 431 972 518 τῆς
1004 449 1306 519 ἀμαθείαςί
1339 450 1421 503 ὅτι
1455 449 1627 520 τούτῳ
1671 449 1747 517 τῷ

1849 453 1982 506 satis
2005 470 2107 507 non
2136 455 2224 508 sit.
2243 452 2286 508 Ο
2309 452 2609 508 inscitiam!
2631 469 2753 508 cum
2779 451 2998 507 ﬂaccido
3030 454 3132 508 isto
3147 468 3209 509 ac
3239 456 3403 510 dehili

163 540 369 609 ⁵σαθρῷ
392 542 486 593 καὶ
511 541 717 596 εὖτελεῖ
744 542 887 610 λόγῳ
916 541 1013 610 τὴν
1049 541 1366 612 θαυμαστὴν
1413 541 1618 613 ταύτην
1665 543 1743 595 οξ-

181 633 417 702 κοδομὴν
436 634 532 702 τῆς
554 633 830 701 θεολογίας
851 632 1176 701 ἀνατρέπειν
1203 631 1446 699 νομίζεις
1466 671 1481 686 .
1506 631 1747 700 Τοιούτῳ

183 724 402 786 πάντως
436 727 846 795 ἐπιχειρήματι,
880 725 1071 791 Φώτιε,
1100 726 1257 777 καὶοὶ
1283 725 1389 795 πρὸ
1423 724 1517 776 σοῦ
1551 727 1616 794 τῇ
1651 723 1745 776 τοῦ

191 814 317 867 1⁸ίοῦ
351 816 446 868 τοῦ
497 817 633 870 Θεοῦ
672 817 1122 886 πεπολεμηκότες
1171 815 1410 886 θεότητι,
1462 818 1744 885 φαίνονται

185 908 515 976 χρήσασθαι,
547 907 612 960 El
661 910 802 972 Θεὸς
824 909 1080 973 τέλειος,
1117 909 1434 974 φάσκοντες,
1458 910 1490 962 ό
1521 907 1741 974 Πατὴρ,

181 999 242 1049 τί
280 999 400 1064 χρὴ
447 999 543 1050 καί
585 998 693 1051 τὸν
737 999 874 1051 Υίὸν
928 1000 1166 1053 τέλειον
1201 999 1347 1053 Θεὸν
1389 999 1742 1060 πιστεύειν;

196 1089 489 1142 Ἐλάνθανε
533 1092 643 1158 γάρ
684 1091 908 1153 αὐτοὺς,
946 1091 1022 1152 ὡς
1077 1090 1415 1159 ἀληθέστατα
1451 1090 1598 1158 παρὰ
1645 1091 1742 1157 τῆς

197 1181 524 1250 Ἐκκλησῐας
553 1181 854 1245 δοξάζοιτο,
880 1184 974 1235 καὶ
1003 1183 1164 1250 μόνον
1209 1179 1464 1249 ἀληθινὸν
1495 1181 1628 1232 Θεὸν
1654 1180 1744 1232 τὸν

186 1276 401 1343 Πατέρα
430 1277 522 1326 καὶ
550 1275 758 1328 τέλειον
785 1271 922 1328 εἶναι
944 1291 958 1306 ο
989 1274 1148 1327 τοῦτο
1176 1274 1384 1341 δ’ὄμως
1417 1274 1516 1325 οὐκ
1549 1273 1747 1326 ἐκϐάλ-

183 1365 294 1416 λειν
323 1366 415 1416 τὸν
458 1366 587 1417 Υἰδν
637 1367 735 1434 τῆς
775 1367 1058 1436 Πατρικῆς
1108 1367 1322 1434 ἐκείνης
1361 1365 1753 1436 κληρονομίας,

184 1457 306 1530 καθ’
336 1457 403 1527 ﬁo
436 1458 612 1512 πάντα
644 1458 757 1527 ἔχει
792 1458 860 1510 τὰ
890 1459 984 1510 τοῦ
1020 1457 1229 1525 [ἰατρὸς
1261 1457 1336 1518 ὼς
1366 1459 1591 1518 ἐκεῖνος.
1630 1457 1746 1508 Μό-

183 1564 273 1600 νου
301 1549 414 1617 ἀρα
446 1548 652 1600 τελείου
701 1548 836 1600 Θεοῦ
891 1549 1045 1611 ὄντος
1096 1566 1156 1601 τε
1197 1549 1293 1601 καὶ
1344 1546 1745 1615 πιστευομένου

181 1639 275 1691 τοῦ
306 1639 537 1707 Πατρός,
561 1639 655 1690 καὶ
682 1639 710 1689 ό
743 1639 870 1701 Υίὸς
901 1639 1032 1701 Θεὸς
1059 1638 1263 1699 τέλειος
1295 1639 1417 1691 ἐστί
1449 1654 1509 1690 τε
1538 1637 1632 1690 καὶ
1663 1637 1750 1689 λέο

183 1728 451 1793 γεται.Τδ
482 1726 595 1780 ἴσον
624 1728 679 1779 δὲ
715 1730 935 1796 φρονεῖν
966 1728 1143 1806 ἕξεςτι
1173 1729 1266 1782 καὶ
1293 1728 1421 1796 περὶ
1449 1729 1544 1780 τοῦ
1572 1727 1744 1782 Ilvati-

187 1808 357 1886 ματος
389 1817 484 1871 τοῦ
515 1818 693 1885 ἁγίου.
735 1818 800 1871 Ἦ
844 1819 982 1886 αὐτὴ
1015 1819 1124 1889 γάρ
1152 1818 1230 1887 τῷ
1272 1818 1494 1889 ἀριθμῷ
1527 1817 1622 1871 καὶ
1651 1819 1746 1888 μία

184 1909 375 1978 θεότης
402 1911 515 1972 τοῖς
552 1911 699 1978 τρισὶ
744 1910 921 1979 κοινὴ,
947 1908 1071 1962 καθ’
1114 1911 1177 1978 ἢν
1217 1910 1448 1963 ἕκαστον
1476 1909 1586 1962 τῶν
1616 1926 1749 1978 προ-

186 2001 383 2054 σώπων
415 2001 506 2053 καὶ
556 1999 715 2069 μόνος
753 2000 896 2062 Θεὸς
949 2001 1045 2052 καὶ
1081 2000 1288 2062 τέλειος
1337 1999 1746 2067 δογματίζεται,

182 2093 284 2145 οὐκ
309 2090 543 2156 ὲξωθοῦν
569 2093 668 2158 τῆς
691 2092 945 2158 θεότητος
968 2090 1216 2159 θάτερον,
1243 2089 1433 2160 ὥσπερ
1461 2091 1590 2158 παρ’
1618 2093 1749 2159 ήμῖν

185 2185 239 2236 εἴ
266 2201 347 2243 τις
382 2182 543 2251 μόνος
571 2177 638 2250 ἦν
668 2181 924 2242 πλούσιος
957 2181 1308 2243 τοὺς·ἀλ).ους
1345 2181 1583 2251 πένητας
1609 2177 1750 2233 εῖναι

183 2275 283 2326 οὐκ
318 2270 750 2340 ἀμφιὸἀλλομεν,
783 2270 987 2321 ἐκείνου
1023 2270 1151 2323 παι*
1183 2269 1356 2337 ἑαυτῷ
1386 2269 1748 2339 τοὺςθησαυο

189 2365 315 2430 (ait;
344 2362 689 2429 κατέχοντος,
715 2361 812 2412 καὶ
847 2361 1038 2430 μηδενὶ
1083 2360 1466 2423 κοινωνοῦντος
1501 2361 1611 2414 τῶν
1650 2377 1746 2411 τα-

182 2455 416 2516 λαντὼν,
447 2451 582 2505 ἀλλά
618 2449 964 2519 πανταχόθεν
991 2448 1339 2516 συλλέγοντος
1389 2449 1480 2503 τὸν
1525 2452 1748 2521 χρυσον,

184 2545 280 2596 καὶ
313 2541 536 2612 μείζους
571 2540 831 2593 ἑκάστοτε
867 2539 963 2601 τὰς
996 2536 1284 2608 ἀποθήκας
1313 2539 1616 2604 ποιοῦντος.
1639 2541 1751 2611 Οὐχ

186 2634 386 2698 οὕτως,
435 2626 480 2686 ὦ
527 2632 691 2685 δεινοὶ
752 2630 1122 2699 συλλογισταὶ,
1153 2628 1324 2699 φαίην
1375 2630 1440 2684 ἂν
1493 2632 1630 2700 πρὸς
1658 2631 1751 2684 τὸν

189 2723 490 2793 Ἀρειον,ἢ
528 2723 654 2784 τοὺς
688 2722 758 2776 τά
807 2723 970 2791 ὃμοια
1013 2721 1400 2797 νενοσηκότας,
1436 2721 1465 2773 ό
1497 2721 1629 2783 Θεὸς
1659 2722 1752 2774 καὶ

187 2811 377 2882 Πατὴρ
403 2812 492 2863 τὸν
515 2810 616 2879 τῆς
651 2809 905 2876 θεότητος
939 2809 1171 2862 πλοῦτον
1217 2808 1348 2877 παρ’
1377 2808 1557 2877 έαυτῷ
1588 2825 1751 2862 συναο

186 2902 409 2972 θροίσας
459 2899 638 2965 ὀλίγου
685 2898 830 2960 τινὸς
884 2898 1156 2967 μετέδωκε
1189 2898 1268 2968 τῷ
1301 2898 1438 2967 Υίῷ,
1477 2897 1750 2968 φθονήσας

187 2998 318 3058 tam;
347 2975 489 3050 κατά
515 2994 613 3065 τὴν
649 2995 928 3065 ήμετέραν
988 2993 1307 3062 σκαιότητα,
1343 2995 1376 3064 ἦ
1411 2993 1749 3064 ἀδυνατήσας

1848 539 2171 614 argumento
2229 546 2606 609 admirabilem
2654 546 2795 599 hanc
2843 546 3128 618 theologia:
3170 558 3410 602 structu-

1850 652 1963 689 ram
2014 637 2292 691 dimovere
2352 647 2514 705 putas
2554 639 2576 690 ?
2625 635 2740 692 Hoc
2782 653 3006 706 prorsus
3066 637 3400 708 argumento,

1848 728 2031 792 Photi,
2079 738 2205 782 ante
2228 738 2279 782 te
2307 727 2426 782 Filii
2489 728 2582 783 Dei
2637 729 2980 783 divinitatem
3023 744 3402 799 oppugnantes

1848 819 1924 873 uti
1948 819 2045 872 visi
2076 829 2222 875 sunt.
2258 818 2314 873 Si
2345 820 2482 872 Deus
2511 821 2789 889 perfectus.
2824 820 3094 886 dicentes,
3115 819 3276 873 Pater
3307 831 3405 881 est,

1846 911 1970 979 quid
1987 928 2114 977 opus
2137 923 2208 964 est
2232 920 2276 964 et
2311 910 2506 965 Filium
2523 913 2806 981 perfectum
2843 912 3010 965 Deum
3040 929 3146 966 esse
3161 912 3408 966 credere?

1848 998 2107 1068 Fugiehat
2135 1000 2280 1053 enim
2311 1000 2462 1069 ipsos
2511 1017 2672 1070 quam
2737 1001 3025 1056 verissime
3058 1002 3126 1055 ab
3169 1001 3408 1055 Ecclesia

1849 1090 2044 1155 teneri,
2077 1091 2252 1144 solum
2283 1106 2472 1145 verum
2518 1093 2684 1146 Deum
2723 1091 2963 1156 Patrem,
3009 1102 3064 1147 et
3111 1093 3407 1162 perfectum

1846 1194 1990 1244 esse,
2027 1180 2130 1233 hoc
2159 1182 2515 1237 nihilominus
2548 1198 2652 1235 non
2685 1183 2977 1237 deturbare
3007 1182 3204 1236 Filium
3230 1191 3409 1252 pater-

1849 1270 2036 1324 na'illa
2073 1271 2412 1336 haereditate,
2442 1289 2547 1342 qua
2589 1273 2770 1330 omnia
2823 1274 3002 1329 Patris
3041 1290 3086 1328 te
3163 1291 3194 1328 e
3240 1283 3405 1342 atque

1849 1362 1937 1415 ille
1971 1364 2230 1419 possidet.
2281 1363 2441 1419 Solus
2470 1366 2653 1419 itaque
2682 1365 2958 1419 perfectus
2998 1291 3292 1419 Deicuin
3337 1366 3405 1418 sit

1837 1362 1937 1415 ille
1971 1364 2230 1430 possidet.
2281 1363 2441 1419 Solus
2470 1366 2653 1433 itaque
2682 1365 2958 1434 perfectus
2998 1362 3142 1420 Deus
3170 1381 3292 1420 cum
3337 1366 3408 1418 sit

1848 1463 1903 1506 et
1935 1463 2217 1522 reputetur
2247 1455 2427 1522 Pater,
2479 1455 2649 1510 Filius
2678 1471 2898 1526 quoque
2934 1455 3080 1510 Deus
3137 1456 3410 1525 perfectus

1849 1550 1932 1595 est
1967 1552 2020 1596 et
2064 1543 2300 1607 dicitur;
2345 1545 2491 1613 quod
2541 1547 2836 1600 tenendum
2872 1543 3035 1600 etiam
3065 1555 3151 1600 est
3192 1546 3258 1600 de
3286 1546 3413 1614 Spi-

1849 1631 1955 1683 ritu
1995 1639 2209 1685 sancto.
2249 1631 2452 1685 Eadem
2485 1634 2632 1686 enim
2691 1651 2923 1689 numero
2955 1643 3012 1689 et
3059 1650 3166 1689 una
3223 1635 3407 1688 Deitas

1853 1718 2030 1773 tribus
2055 1724 2364 1776 communis
2393 1732 2499 1782 est.
2529 1723 2830 1776 secundum
2856 1741 3020 1793 quam
3075 1740 3415 1793 unaquaeque

1853 1820 2082 1874 persona
2114 1816 2167 1862 et
2193 1813 2338 1863 solus
2373 1809 2515 1863 Deus
2545 1821 2601 1864 et
2637 1794 2919 1880 perfectus
2949 1812 3283 1870 decernitur.
3305 1827 3413 1863 non

1849 1897 2146 1954 excludens
2167 1899 2332 1953 alium
2357 1915 2385 1954 a
2411 1901 2730 1955 divinitate:
2767 1903 3229 1971 quemadmodum
3273 1904 3414 1969 apud

1850 2001 1950 2040 nos
1979 1987 2023 2040 si
2052 1988 2179 2055 quis
2199 1990 2350 2043 solus
2380 2001 2528 2044 esset
2557 1992 2734 2056 dives,
2795 1993 2931 2046 alios
2980 2008 3245 2064 pauperes
3289 2008 3415 2046 esse

1851 2093 1958 2131 non
1988 2078 2328 2144 dubitamus,
2365 2097 2489 2135 cum
2519 2082 2608 2136 ille
2637 2086 2780 2152 apud
2803 2098 2863 2137 se
2913 2073 3201 2141 thesauros
3245 2083 3419 2139 couli‘

1851 2178 1999 2230 neat,
2052 2185 2154 2224 nec
2203 2171 2296 2225 ulli
2348 2171 2550 2225 talenta
2591 2173 2994 2236 communicet,
3048 2175 3141 2228 sed
3181 2174 3317 2227 locis
3348 2188 3415 2227 ex

1851 2260 2103 2316 omnibus
2126 2277 2317 2314 aurum
2357 2263 2696 2332 recolligens,
2742 2264 2985 2332 quotidie
3010 2265 3250 2318 auctiora
3280 2266 3408 2317 red-

1851 2350 1943 2404 dat
1977 2353 2320 2418 repositoria.
2353 2352 2472 2408 Non
2506 2355 2579 2406 ita
2601 2363 2703 2419 est,
2730 2369 2762 2408 ο
2784 2354 2930 2408 acuti
2977 2355 3409 2425 syllogismorum

1852 2443 2184 2508 inventores,
2220 2445 2604 2515 responderem
2635 2446 2702 2500 ad
2737 2446 2948 2509 Arium,
2987 2447 3102 2500 sive
3142 2447 3209 2500 ad
3249 2447 3417 2501 simili

1853 2536 2044 2590 morbo
2070 2538 2356 2603 detentos;
2391 2552 2522 2602 non,
2554 2539 2800 2607 inquam,
2836 2539 2978 2592 Deus
3007 2547 3060 2593 et
3091 2539 3250 2594 Pater
3273 2539 3412 2594 divi-

1852 2626 2042 2682 nitatis
2072 2628 2360 2683 thesauros
2393 2629 2446 2683 in
2479 2631 2778 2699 semetipso
2811 2631 3153 2701 complexus,
3192 2632 3414 2701 paulum

1852 2717 2126 2787 quidpiam
2146 2735 2211 2772 ex
2236 2711 2340 2773 illis
2356 2717 2496 2776 Filio
2517 2721 2960 2788 communicavit,
2985 2722 3216 2776 fortasse
3239 2733 3415 2775 motus

1850 2808 2168 2870 invidentia,
2201 2823 2320 2876 qua:
2349 2817 2524 2862 vestra
2552 2807 2636 2864 est
2663 2812 2904 2874 vesania,
2942 2821 3038 2866 aut
3065 2813 3254 2868 volens
3291 2827 3411 2865 eam

1849 2899 2253 2955 communicare
2271 2916 2380 2955 non
2409 2901 2607 2971 potuit,
2625 2903 2720 2957 sed
2740 2904 2902 2957 totius
2922 2905 3175 2960 essentia
3199 2913 3254 2959 et
3275 2905 3433 2958 αἰγὶ--

1842 2990 2037 3044 nitatis
2065 2990 2216 3045 illum
2251 2991 2570 3061 participem
2600 2992 2753 3060 facit,
2794 2994 2994 3063 datque
3043 2995 3118 3048 illi
3164 2995 3406 3049 omnium

186 3086 467 3155 βουληθεὶς
503 3085 849 3154 μεταδοῦναι,
880 3084 995 3136 ἀλλ’
1026 3085 1154 3153 ὅλης
1183 3085 1282 3152 τῆς
1308 3083 1494 3147 οὐσίας
1524 3088 1618 3138 καὶ
1651 3085 1750 3154 τῆς

1853 3082 2167 3148 maximum,
2197 3093 2255 3136 ut
2283 3082 2421 3138 Deus
2449 3084 2723 3153 perfectus
2757 3085 2849 3149 sit,
2872 3097 2928 3140 et
2956 3086 3119 3142 simul
3140 3102 3260 3171 cum
3289 3089 3407 3157 ipso

185 3181 440 3245 θεότητος
469 3177 633 3230 αὑτὸν
668 3175 957 3245 καθίστησι
1007 3177 1287 3242 κοινωνὸν,
1334 3177 1430 3228 καὶ
1477 3176 1658 3228 δίδωσι
1691 3177 1751 3227 τὸ

186 3273 407 3324 πάντων
462 3269 649 3337 μεῖζον
698 3267 868 3335 αὐτῷ,
903 3268 991 3319 ἵνα
1025 3268 1156 3330 Θεὸς
1255 3266 1461 3330 τέλειος
1519 3268 1613 3320 καὶ
1659 3269 1752 3337 δη-

187 3363 446 3432 μιουργὸς
481 3358 604 3429 μετ’
633 3359 799 3412 αὑτοῦ
831 3359 942 3411 τῶν
973 3360 1250 3412 ἀπάντωνο
1291 3358 1393 3412 κᾶν
1424 3360 1752 3430 διαρῤήγνυ-

189 3456 285 3507 σθε
316 3454 445 3514 τοὺς
492 3452 586 3505 δύο
633 3451 1001 3520 δημιουργοὺς
1061 3452 1194 3519 ήμϊν
1248 3450 1622 3520 ἐπιφέροντες,
1655 3451 1752 3504 καὶ

184 3546 515 3615 φοδούμενοι
568 3546 754 3613 φόϐον,
780 3547 917 3598 ὅπου
949 3543 1051 3597 οὐκ
1080 3543 1196 3596 ἐστι
1248 3544 1432 3610 φόϐος.
1483 3543 1750 3610 Διαιρείτε

183 3641 294 3708 γὰρ
326 3637 448 3691 κατ’
475 3638 664 3691 οὐσίαν
697 3637 790 3689 τοῦ
839 3635 1052 3706 Πατρός
1097 3634 1189 3686 τὸν
1225 3632 1356 3684 Υἱδν
1389 3633 1623 3696 ἀσεϐῶς,
1655 3634 1750 3686 καὶ

181 3729 286 3798 τὴν
317 3728 498 3781 αὐτῶν
530 3729 693 3796 φύσιν
729 3727 822 3778 καὶ
867 3725 1120 3794 δύναμιν,
1151 3724 1198 3793 ῆ“
1230 3723 1326 3793 οὐχ
1360 3722 1553 3792 όμοίαν
1603 3722 1750 3774 τίθε-

185 3822 308 3886 σθε,
334 3821 367 3890 ἢ
397 3819 758 3888 διαφέρουσαν
790 3818 866 3886 τῷ
896 3816 1133 3887 ἀριθμῷ,
1152 3813 1292 3868 ὥστε
1349 3814 1442 3867 δύο
1492 3817 1748 3879 δυνατοὺς

181 3913 218 3980 ἢ
249 3913 447 3980 σοφοὺς
468 3909 780 3981 ὀνομάζειν.
809 3910 974 3963 Τουτὶ
1019 3907 1075 3960 δὲ
1107 3909 1172 3960 ὲκ
1209 3907 1316 3960 τῶν
1345 3909 1630 3978 ἡμετέρων
1652 3912 1749 3976 οὺχ

181 4003 376 4053 ἕπεται
404 3999 602 4068 λόγων.
637 4000 749 4068 Τὴν
784 3999 955 4068 αὐτὴν
986 4000 1120 4068 γὰρ,
1152 3999 1227 4059 ὡς
1254 3998 1487 4068 ἔφημεν,
1518 3998 1749 4067 πρόμιο

183 4091 321 4162 κροῦ
356 4090 436 4160 τῷ
468 4089 691 4161 ἀριθμῷ
720 4089 975 4159 δύναμιν,
1004 4088 1098 4141 καὶ
1132 4088 1388 4154 θεότητα,
1426 4090 1521 4142 καὶ
1559 4091 1750 4158 σοφίαν

183 4185 247 4236 ιν
281 4184 488 4251 ἀμφοῖν
533 4177 930 4247 θεολογοῦντες,
979 4179 1070 4232 διὰ
1114 4177 1269 4231 τοῦτο
1302 4179 1527 4238 εἰκότως
1573 4179 1747 4248 δήπου

181 4274 284 4325 καὶ
329 4272 428 4325 ινα
477 4269 877 4340 συμπεραίνειν
905 4268 967 4321 οὐ
998 4267 1367 4336 κατοκνοῦμεν
1394 4267 1744 4336 δημιουργόν.

181 4363 422 4417 Τοιαῦτα
455 4362 524 4417 ἀν
557 4378 666 4427 τις,
699 4354 745 4415 ὦ
771 4360 959 4428 ἄνδρες
989 4359 1224 4430 Κρῆτες,
1258 4358 1394 4429 πρὸς
1422 4359 1512 4413 τὸν
1542 4360 1746 4414 Φωτίου

1852 3187 2035 3227 rerum
2077 3175 2322 3228 omnium
2361 3176 2641 3240 conditor,
2689 3177 2817 3231 licet
2839 3160 3256 3247 dirumpamini,
3278 3179 3415 3231 duos

1852 3265 2013 3320 nobis
2035 3274 2372 3334 opponentes
2428 3277 2726 3340 creatores,
2761 3279 2812 3323 et
2840 3277 3149 3323 metuentes
3178 3279 3409 3333 metum,

1805 3412 1808 3416 .
1852 3359 1945 3413 ubi
1977 3371 2154 3415 metus
2185 3377 2291 3416 non
2321 3371 2426 3416 est.
2446 3361 2700 3416 Dividitis
2725 3361 2870 3414 enim
2890 3363 3195 3416 secundum
3222 3377 3431 3416 essen-7

1853 3450 1986 3503 tiam
2020 3451 2183 3521 impie
2218 3449 2416 3505 Filium
2469 3467 2498 3505 a
2529 3452 2710 3518 Patre,
2741 3462 2793 3505 et
2828 3467 3022 3506 eorum
3051 3461 3297 3505 naturam
3354 3461 3410 3505 et

1852 3549 2172 3608 potestatem
2194 3555 2289 3598 aut
2320 3544 2643 3598 dissimilem
2674 3553 2768 3598 aut
2797 3560 3024 3598 numero
3066 3543 3409 3598 diﬂereutem

1851 3632 2158 3699 supponitis
2189 3649 2395 3701 ;quare
2426 3643 2481 3687 et
2511 3634 2649 3688 duos
2701 3644 2971 3704 potentes,
3017 3637 3261 3706 duosque
3319 3653 3409 3692 sa-

1852 3724 2061 3801 pientes
2122 3726 2428 3794 appcllatis.
2487 3729 2631 3795 quod
2685 3741 2751 3780 ex
2809 3728 3020 3782 nostris
3056 3729 3404 3784 sermonibus

1853 3831 1961 3870 non
1996 3817 2372 3887 consequitur.
2399 3817 2659 3872 Eamdem
2681 3820 2852 3882 enim,
2891 3828 2948 3872 ut
2976 3820 3130 3888 paulo
3162 3829 3286 3874 ante
3323 3823 3411 3874 di-

1807 3892 1816 3918 ⁸
1855 3909 2057 3970 ximus.
2083 3916 2412 3976 potestatem
2447 3925 2698 3974 numero,
2729 3921 2784 3965 et
2823 3913 3085 3967 deitatem
3114 3922 3166 3966 et
3193 3914 3410 3982 sapien-

1818 4000 1983 4074 ~tiam
2022 4001 2075 4053 in
2109 4001 2354 4069 utrisque
2380 4011 2710 4064 asserentes,
2746 4012 3171 4073 proptereaque,
3205 4005 3283 4058 uti
3316 4020 3411 4072 par

1849 4101 1951 4156 est,
1971 4093 2133 4154 etiam
2160 4106 2328 4147 unum
2351 4093 2681 4149 concludere
2710 4098 3025 4151 Creatorem
3060 4098 3280 4151 minime
3311 4112 3409 4162 ne-

1848 4183 2122 4252 gligimus.
2164 4184 2228 4236 Et
2255 4186 2369 4238 hac
2393 4186 2634 4252 quidem,
2671 4201 2704 4240 ο
2742 4187 2841 4240 viri
2876 4187 3190 4248 Cretenses,
3251 4190 3407 4254 quiso

1851 4276 1990 4343 piam
2033 4276 2230 4329 dixerit
2274 4277 2342 4330 ad
2393 4277 2728 4332 imbecillum
2763 4277 2948 4333 Photii
2987 4279 3404 4350 syllogismum;

1849 4365 2084 4435 perfecte
2104 4366 2249 4420 enim
2283 4365 2546 4436 Spiritum
2578 4383 2644 4422 ex
2683 4369 2842 4424 Patre
2878 4372 3138 4443 progredi
3167 4375 3398 4428 creden-

177 4457 330 4510 εἶποι
377 4454 589 4525 ἀδρανῆ
641 4453 1026 4522 συλλογισμόν.
1060 4452 1293 4514 Τελείως
1317 4453 1377 4503 τὸ
1417 4452 1642 4520 Πνεῦμα
1679 4453 1745 4505 ἐκ

1854 4468 1956 4521 tes,
1998 4458 2353 4512 nihilominus
2395 4458 2558 4512 etiam
2607 4474 2671 4513 ex
2701 4460 2841 4516 Filio
2894 4478 3143 4517 asserere
3175 4479 3282 4518 non
3318 4480 3408 4517 re-

176 4547 276 4599 τοῦ
300 4543 922 4615 Πατρδιπροέρχεσθαι
946 4541 1315 4606 πιστεύοντες,
1344 4542 1492 4610 ὅμως
1524 4548 1627 4599 κάκ
1652 4541 1744 4598 τοῦ

180 4624 316 4690 ficii
349 4635 518 4688 ταυτὸ
552 4634 732 4702 λέγειν
759 4634 862 4686 οὐκ
890 4632 1251 4702 ἀνανεὺομεν.
1271 4633 1345 4685 Τὸ
1371 4633 1417 4686 δ’
1447 4635 1580 4704 ήμῐν
1607 4635 1745 4687 ἐπᾶ-

181 4742 303 4794 τειν
323 4720 398 4788 ὦς
419 4723 614 4794 ἀτελὴς
642 4723 751 4793 ἀρα
778 4724 812 4792 ή
845 4724 913 4774 εκ
936 4725 1030 4776 τοι.
1064 4723 1278 4792 [ἰατρὸς
1301 4723 1398 4775 τοῦ
1434 4724 1746 4792 υνεύματος

177 4815 430 4887 πρόοδος,
478 4813 713 4884 ἀμαθῶν
761 4814 881 4865 ἔστι
911 4812 1067 4880 λόγος
1117 4813 1446 4882 ἀνθρώπων,
1490 4817 1587 4868 ιιιιι)⁸
1635 4817 1744 4869 τῶν

178 4904 530 4976 σεμνοτάτων
560 4901 746 4976 ἀρχῶν
784 4901 884 4971 τῆς
917 4901 1198 4968 θεολογίας
1245 4903 1516 4973 ἀπείρων
1551 4905 1741 4976 ὥσπερ

176 4996 250 5050 ἀν
265 4996 415 5059 εῐτις
438 4977 754 5062 ἀποφάσιιοι
778 4993 870 5044 τὸν
899 4991 1028 5045 Υίδν
1056 4990 1198 5046 εἶναι
1218 4994 1422 5066 δοτῆρα
1450 4995 1544 5050 τοῦ
1573 4998 1743 5052 Evad-

180 5102 378 5156 ματος,
401 5087 525 5140 inst
552 5084 776 5146 τελείως
802 5082 1002 5138 δίδοται
1037 5083 1191 5155 παρὰ
1219 5085 1316 5139 τοῦ
1366 5087 1602 5159 Πατρός,
1646 5090 1741 5144 καὶ

145 5161 435 5232 ἰντεῦθεν
482 5177 576 5230 δύο
629 5176 864 5244 δοτῆρας
915 5175 1626 5253 προπετῶς-συμπεραίνοι,
1658 5183 1741 5235 ὅτι

173 5268 380 5337 επισης
402 5266 481 5337 τῷ
499 5268 676 5339 natth
693 5267 878 5319 δίδωσι
911 5269 967 5318 τὸ
990 5252 1331 5334 [Inopem
1361 5271 1390 5321 ό
1417 5269 1569 5334 Υίός.
1594 5272 1738 5327 Ἀλλ’

174 5360 427 5413 ἀντείποι
453 5358 518 5412 ἀν
545 5360 574 5412 ό
601 5357 884 5420 Βασίλειος
922 5359 999 5428 τῷ
1044 5357 1443 5429 τοιούτῳπρὸς
1483 5362 1738 5432 ’Δμφιλό-

177 5467 306 5523 χιον
321 5450 481 5522 οὕτω,
497 5451 694 5521 λέγων·
716 5439 820 5507 Διὰ
834 5451 1011 5506 τοῦτο
1026 5451 1298 5519 διδόντος
1324 5455 1472 5511 αὐτὸ
1488 5457 1592 5511 τοῦ
1619 5463 1736 5515 na-

1849 4551 2086 4604 nuimus.
2143 4549 2350 4603 lnferre
2416 4565 2578 4619 porro
2625 4551 2805 4617 nobis,
2853 4553 2979 4608 ideo
3035 4554 3400 4621 imperfectum.

1845 4654 1966 4695 esse
2026 4655 2092 4694 ex
2140 4640 2301 4693 Patre
2347 4637 2588 4708 Spiritus
2639 4657 3012 4710 progressum,
3087 4646 3408 4700 insCitorum

1847 4731 2146 4794 hominum,
2176 4740 2229 4784 et
2262 4731 2314 4784 in
2337 4746 2500 4800 quam
2541 4733 2773 4787 maxime
2834 4737 3160 4790 reverendis
3197 4715 3420 4791 theolo-o

1843 4823 1980 4891 gicis
2045 4820 2334 4891 principiis
2405 4821 2774 4892 inexpertium
2827 4828 3219 4887 sermocinatio
3295 4841 3401 4883 est.

1844 4914 2312 4979 Quemadmodum
2351 4917 2398 4970 si
2452 4919 2576 4985 quis
2631 4929 2850 4990 negaret
2921 4918 3115 4973 Filium
3163 4921 3406 4975 datorem

1842 5023 1966 5063 esse
2003 5008 2265 5077 Spiritus,
2309 5013 2453 5079 quod
2483 5011 2722 5080 perfecte
2752 5012 2914 5064 datur
2945 5026 2972 5063 a
3003 5010 3185 5072 Patre.
3247 5012 3404 5064 inde-

1841 5119 1947 5170 que
1977 5085 2114 5158 diuos
2139 5103 2358 5160 datores
2374 5106 2662 5160 temerarie
2692 5104 2987 5179 concludat
3016 5119 3032 5163 ;
3066 5103 3216 5173 quod
3245 5119 3399 5173 teque

1842 5200 2006 5261 atque
2031 5187 2190 5246 Pater
2220 5195 2385 5248 etiam
2426 5194 2596 5249 Filius
2637 5193 2898 5257 Spiritum
2949 5192 3063 5248 dat.
3114 5194 3220 5248 Sed
3277 5195 3404 5247 huic

1843 5281 2226 5337 contradixerit
2253 5284 2488 5338 Basilius
2515 5284 2582 5338 ad
2629 5283 3090 5341 Amobiiochium
3132 5287 3204 5339 ita
3253 5286 3396 5337 scri-

1843 5373 1976 5426 bens
2006 5372 2326 5437 :Pmpterea
2351 5374 2505 5426 dante
2531 5373 2681 5428 illum
2714 5377 2897 5435 Patre,
2963 5375 3138 5430 Filius
3162 5375 3402 5430 euntdem

1843 5465 1936 5518 dat
1963 5480 2072 5523 una
2107 5465 2320 5519 datiouc
2348 5475 2398 5519 et
2435 5484 2540 5520 una
2581 5471 3026 5534 suppeditatioue.

175 5545 344 5614 τρός,
435 5540 568 5608 Πόρ
596 5544 743 5597 αὐτὸ
770 5543 982 5598 δίδωσι
1015 5543 1124 5614 μιᾷ
1160 5543 1348 5610 δόσει,
1369 5546 1465 5600 καί
1485 5547 1595 5618 μιᾷ
1626 5556 1900 5629 χορηγίᾳ.

250 5637 329 5690 E’.
379 5625 542 5690 Ἀλλά
601 5633 726 5705 μὴν,
777 5629 824 5688 ὦ
866 5637 1082 5706 ἄνδρες,
1116 5639 1408 5710 μέμνημαί
1455 5658 1580 5697 τινα
1625 5645 1735 5699 τῶν

175 5727 353 5798 ἁγίων
383 5726 574 5795 μόνον
595 5726 701 5780 τοῦ
738 5724 1085 5798 animamq-
1125 5733 1408 5801 χορηγὸν
1437 5725 1543 5790 τὸν
1599 5739 1736 5791 rida-

506 5820 773 5882 Ρετιιοι.
807 5823 900 5886 Gtt
967 5822 1157 5884 CLIV.

1912 5647 1974 5701 ν-
2009 5647 2192 5716 Atqui.
2218 5661 2253 5702 0
2281 5648 2403 5710 νῖτὶ,
2433 5650 2544 5721 iam
2567 5651 2620 5708 in
2642 5653 2955 5707 memoriam
2978 5654 3126 5709 venit
3149 5663 3395 5708 sanctum

1843 5740 2030 5796 nescio
2056 5756 2239 5810 quem,
2288 5741 2453 5796 solum
2511 5743 2760 5820 Spiritum
2783 5745 3016 5796 datorem
3073 5743 3268 5799 Filia-3
3294 5745 3396 5801 do—

2883 5839 2960 5897 39
