4180 6324
699 233 842 297 12:25
1755 234 2171 293 PHILOTHEI
2244 202 2857 298 SELYMBRIENSIS
3788 237 3933 299 123:;

696 350 811 403 suis
845 346 1065 416 gloriari
1119 351 1321 413 posset,
1378 357 1552 398 tamen
1602 346 1821 400 humilis
1870 362 1932 400 ac
1975 346 2257 401 modestus
2289 358 2329 409 Α

2378 350 2644 419 Ξελτίστης
2675 351 2768 403 καὶ
2799 349 3022 418 πρώτης
3051 349 3107 401 ἐν
3133 365 3189 401 τε
3221 348 3431 417 βουλαῖς
3460 348 3552 405 καὶ
3579 350 3885 412 πολιτείαις

698 455 817 494 esse
848 438 1037 491 maluit
1089 447 1143 491 et
1196 439 1468 491 recusavit
1509 446 1714 491 statuas
1759 439 1957 505 quibus
2010 439 2253 508 plerique

2378 441 2417 492 ἓν
2450 459 2507 493 τε
2539 441 2768 510 πράξεσι
2800 442 2889 494 καὶ
2917 442 3152 509 νοήμασι
3184 441 3279 493 καὶ
3308 446 3699 511 στρατηγικαῖς
3722 445 3931 510 ἐμπειο

696 530 869 583 aetatis
902 544 1013 581 sum
1064 526 1303 596 praefecti
1359 537 1413 581 et
1464 528 1629 581 duces
1685 518 2254 591 ltonorari‘solehant,

2378 530 2538 591 οίαιςο
2571 530 2667 581 καῖ
2711 529 2875 591 πολὺς
2918 523 2985 599 ἦν
3025 530 3082 580 ὲν
3128 526 3425 595 συλλόγοις,
3472 530 3527 580 ὲν
3570 530 3819 598 ἀγοραῖς,
3870 531 3939 581 ἐν

696 620 899 688 quippe
947 618 1200 670 virtutem
1252 618 1371 681 sine
1405 618 1655 671 mercede
1692 619 1870 671 colere
1908 627 2035 671 ante
2074 620 2254 672 omnia

2378 619 2609 688 lsdtpotc
2651 618 2726 681 ὡς
2754 620 2980 680 καὶτοῖς
3022 617 3303 686 βασιλεῦσι
3328 615 3601 685 γνώριμος
3624 618 3701 670 ῶν
3724 620 3790 669 ἐκ
3834 619 3939 684 γέ-

697 710 914 762 amabat
942 716 997 761 et
1018 707 1324 761 actionibus
1348 708 1644 761 conditioni
1677 723 1787 762 sua:
1808 710 2256 777 congruentibus.

2378 727 2516 773 ρους,
2544 711 2656 772 τοῖς
2686 709 2918 777 πρώτοις
2950 710 3361 777 συναριθμεῖται
3391 710 3768 777 συγκλητικοῖς
3786 751 3802 769 ,
3831 709 3940 774 ἀρα

698 818 853 872 χουσι
895 803 987 855 καὶ
1030 805 1353 873 στρατηγοῖς
1425 804 1535 865 τοῖς
1583 803 1796 870 μεγάλα
1838 802 2190 873 δυναμένοις·
2233 803 2290 865 δς
2329 802 2452 867 ὀξὺς
2501 801 2577 855 ῶν
2629 802 2770 855 κατά
2815 803 2907 854 τὸν
2952 802 3325 871 Θεμιστοκλέα
3414 800 3504 854 καὶ
3544 798 3894 865 ’Λλκιῦιάδην
3920 822 3937 845 ι

705 894 1012 963 στρατηγὸς
1093 892 1475 947 ἀναδείκνυται
1546 893 1640 944 καὶ
1685 892 1843 954 αὐτὸς
1884 893 1978 943 καὶ
2017 894 2142 960 νικᾷ
2201 892 2464 961 πολέμους
2506 892 2791 953 πλείστους
2833 891 3199 960 βαρϐαρικούς
3271 890 3631 959 κατακράτος.
3664 891 3765 941 ’ον
3806 890 3940 941 ἰδὼν

704 989 950 1054 Ὅμηρος
980 981 1133 1039 εἶπεν
1160 986 1227 1039 ἂν
1260 986 1419 1053 σοφὸν
1450 986 1639 1055 βουλάς
1696 1005 1752 1040 τε
1812 985 2059 1055 ἐξάρχειν
2106 988 2339 1055 ἀγαθὰς,
2369 989 2603 1057 πόλεμόν
2632 1004 2691 1039 τε
2724 986 3011 1055 κορύσσειν
3035 1002 3049 1018 ·
3084 988 3177 1039 καὶ
3206 987 3305 1038 ὅσα
3335 986 3469 1038 ἀλλα
3496 987 3621 1043 τοὺς
3649 984 3844 1053 ἥρωάς
3872 1000 3940 1035 τε

701 1078 797 1129 καὶ
829 1079 1061 1147 ῥήτορας
1082 1093 1099 1109 ⁸
1134 1080 1229 1131 καὶ
1285 1080 1699 1147 ἀνδρειοτάτους
1758 1080 1865 1133 τῶν
1900 1080 2167 1149 Ἑλλήνων
2222 1080 2460 1148 ἔφασκεν
2512 1080 2783 1143 ἐπαινῶν,
2817 1080 2958 1131 κατὰ
3002 1079 3100 1147 τὴν
3135 1077 3331 1133 Ἰλιάδα
3361 1080 3455 1131 καὶ
3490 1079 3808 1130 Ὀδύσσειαν
3842 1085 3945 1134 καὶ

703 1168 883 1219 δέλτον
905 1211 919 1233 ,
952 1170 1008 1219 ὲν
1037 1169 1269 1239 ἐμμελίᾳ
1336 1174 1612 1241 ποιητικῇ.
1642 1172 1818 1245 Ἐχῳν
1870 1174 1925 1225 δὲ
1994 1174 2353 1243 μεγαφρονεῖν
2379 1172 2473 1225 ὲπὶ
2499 1172 2709 1233 τούτοις
2738 1169 3126 1240 κατορθώμασι
3156 1172 3254 1223 καὶ
3284 1169 3720 1238 πλεονεκτήμασι
3755 1169 3851 1218 καὶ
3882 1160 3945 1217 τὸ

706 1258 873 1311 καλοῦ
918 1262 1116 1322 παντὸς
1160 1262 1304 1314 ίδέαν
1346 1262 1492 1331 ἔχειν
1532 1264 1592 1315 ιν
1628 1264 1795 1332 ψυχῇ,
1832 1264 2079 1331 οὐδαμῶς
2119 1262 2274 1315 τοῦτο
2311 1264 2480 1315 ἐποίει
2507 1277 2518 1288 ·
2553 1262 2687 1313 ἀλλά
2741 1258 2990 1321 ταπεινὸς
3049 1254 3115 1327 ἦν
3146 1260 3241 1311 καὶ
3282 1260 3517 1329 μέτριος,
3550 1258 3607 1320 ὃς
3635 1274 3697 1324 γε
3725 1258 3827 1309 οὐκ
3861 1254 3940 1305 εἶ’

708 1354 861 1407 κόσιν
905 1355 1024 1408 οὐδί
1071 1356 1292 1422 στήλαις
1336 1364 1624 1425 μεγίσταις
1664 1358 1813 1425 ηξίου
1858 1358 2270 1427 θαυμάζεσθαι,
2306 1357 2554 1426 καθάπερ
2589 1358 2771 1409 πολλοὶ
2823 1356 2929 1407 τῶν
2981 1356 3261 1423 ἡγεμόνων
3324 1355 3417 1406 καὶ
3449 1354 3792 1423 στρατηγῶν,
3824 1345 3946 1402 ἀλλ’

711 1444 893 1514 ἔργοις
941 1446 1245 1508 καλλίστοις
1290 1449 1483 1515 ἐκείνῳ
1522 1466 1579 1500 τε
1626 1451 1715 1501 καὶ
1756 1452 1821 1518 τῇ
1868 1450 2073 1500 ἐκείνου
2116 1449 2275 1517 φύσει
2310 1447 2453 1516 μάλα
2484 1448 2869 1515 προσήκουσιν.

2190 1592 2258 1642 Et
2294 1597 2409 1653 post
2445 1603 2613 1656 pauca
2638 1602 2656 1639 :

744 1688 1151 1766 'Agatltonicns
1197 1700 1558 1768 triumphator
1609 1719 1713 1755 nun
1763 1704 2068 1758 temeritate
2122 1705 2269 1756 irave
2300 1705 2347 1764 Β

722 1788 1016 1856 perductus
1061 1804 1143 1842 res
1173 1792 1461 1857 praclaras
1508 1794 1634 1846 dum
1669 1795 1985 1861 imperaret.
2044 1796 2270 1862 peregit,

720 1879 811 1932 sed
844 1879 1178 1933 humanitate
1208 1891 1258 1934 et
1286 1883 1451 1934 animi
1482 1883 1874 1951 magnitudine,
1914 1885 1983 1936 ita
2012 1894 2069 1936 ut
2094 1884 2244 1937 omni

718 1967 819 2020 bus
848 1968 969 2020 vitae
1002 1977 1058 2021 et
1109 1984 1317 2021 morum
1372 1972 1647 2038 exemplar
1682 1972 1792 2024 sit:
1826 1981 1975 2025 certe
2006 1972 2118 2026 fieri
2162 1988 2272 2027 non

720 2063 896 2123 potest
923 2067 982 2110 ut
1017 2056 1116 2124 ipsi
1150 2050 1483 2127 superiorem
1518 2060 1784 2113 invenias.
1811 2060 1899 2113 Sic
1944 2062 2090 2113 enim
2119 2060 2273 2115 fortis

722 2156 837 2199 erat
868 2146 1035 2198 animi
1074 2157 1131 2199 ut
1163 2163 1248 2199 res
1301 2149 1580 2217 plerasque
1623 2148 1773 2202 ﬂocci
1804 2149 2023 2212 faceret,
2074 2158 2127 2202 et
2165 2150 2272 2217 vir-

725 2246 895 2289 tutem
960 2236 1190 2291 colendo
1248 2239 1486 2305 seipsum
1547 2238 1637 2292 Dei
1686 2239 1903 2293 domum
1937 2250 1989 2292 et
2039 2239 2273 2307 Spiritus

724 2327 900 2380 Sancti
957 2326 1321 2380 habitaculum
1359 2331 1739 2384 constitueret.
1790 2331 1856 2386 Ut
1887 2334 2068 2401 paucis
2091 2333 2268 2387 absol-

724 2431 868 2479 vam,
906 2416 986 2469 sic
1022 2417 1181 2469 unice
1220 2418 1422 2473 vivitur
1478 2419 1746 2483 feliciter;
1789 2422 1867 2474 sic
1902 2428 2112 2475 tantum
2181 2436 2273 2489 per

728 2504 983 2558 virtutem
1018 2506 1071 2558 in
1103 2504 1196 2560 Dei
1228 2508 1501 2561 civitatem
1534 2508 1659 2561 itur.
1716 2507 1853 2563 Cum
1881 2510 2025 2562 enim
2057 2521 2276 2565 auctore

725 2592 949 2647 Platone
988 2595 1179 2663 triplex
1217 2598 1289 2649 sit
1318 2598 1497 2650 anima
1534 2608 1799 2666 quatenus
1841 2601 2059 2670 cogitat.
2115 2602 2279 2655 sentit

727 2690 781 2735 et
816 2684 1175 2751 concupiscit,
1229 2687 1528 2754 cogitainus
1576 2690 1813 2757 quidem,
1868 2691 2010 2744 sicut
2058 2691 2136 2745 fas
2176 2702 2276 2755 est,

728 2786 869 2840 sape
890 2782 1069 2826 autem
1095 2789 1352 2829 sensuum
1378 2777 1426 2832 vl
1464 2794 1801 2845 superamur,
1831 2790 1923 2834 aut
1952 2782 2131 2835 illicita
2154 2797 2283 2836 enn-

2457 1698 2805 1766 Ἀγαθόνικος
2835 1694 2930 1750 οὐν
2958 1701 2986 1750 ό
3014 1698 3411 1765 τροπαιοφόρος
3442 1696 3501 1748 οὐ
3535 1694 3710 1764 θυμοῦ
3752 1696 3943 1765 ῥώμη.

2378 1791 2486 1843 οὐδ’
2516 1789 2687 1857 ὀργῆς
2718 1788 2966 1856 ἀμετρίᾳΔ
2994 1786 3062 1839 τά
3099 1789 3349 1856 ἐπίσημα
3398 1788 3499 1854 τῆς
3537 1787 3713 1855 ἀρχῆς
3746 1788 3948 1853 ἐποιή-

2380 1896 2531 1934 σατο·
2560 1879 2695 1932 ἀλλὰ
2724 1878 3135 1947 φιλανθρωπίαν
3160 1880 3252 1931 καὶ
3279 1876 3685 1946 μεγαλοψυχίαν
3708 1879 3776 1930 τὰ
3806 1878 3951 1945 κρά-

2378 1948 2532 2022 τιστα
2585 1970 2984 2037 είσηνέγκατο’
3036 1966 3170 2020 ὥσθ’
3225 1968 3341 2036 ὅροι
3392 1962 3532 2020 εἶναι
3583 1965 3950 2040 σωφροσύνης

2381 2062 2547 2112 πᾶσιν
2580 2060 2891 2129 ἀνθρώποις
2917 2060 3010 2112 τὸν
3041 2059 3254 2111 ἐκείνου
3283 2058 3399 2127 βίον
3432 2060 3527 2111 καὶ
3573 2060 3772 2128 τρόπον
3797 2074 3813 2089 ο
3853 2060 3952 2110 καὶ

2385 2150 2587 2217 μηδένα
2612 2149 2855 2219 ἐξευρεῖν
2883 2150 3027 2218 ἔχειν
3053 2148 3262 2217 βέλτιον
3288 2150 3397 2201 τῶν
3418 2148 3510 2201 ὐπ’
3535 2151 3728 2218 ἐκείνῳ
3751 2148 3949 2216 μηδέν·

2381 2240 2525 2294 οὕτω
2554 2242 2661 2308 γὰρ
2696 2226 2875 2308 ψυχὴν
2901 2239 3212 2309 ὶῤῥύθμησε
3248 2240 3340 2293 καὶ
3376 2240 3484 2293 τῶν
3510 2241 3634 2308 τῆδε
3666 2256 3953 2307 καταφρο-

2382 2333 2493 2384 νεῖν
2520 2330 2798 2382 ἀνέπεισε·
2827 2331 2920 2382 καὶ
2952 2330 3087 2398 πρὸς
3141 2331 3208 2383 τά
3238 2329 3495 2398 βέλτιστα
3542 2331 3947 2399 μετεσκεύασε-

2387 2422 2479 2474 καὶ
2506 2420 2684 2475 οἰκίαν
2711 2420 2847 2473 Θεοῦ
2876 2406 3210 2487 κατέστησεν
3243 2421 3455 2483 ἑαυτὸν,
3489 2422 3580 2473 καὶ
3608 2422 3811 2488 δοχείον
3843 2420 3946 2473 τοῦ

2386 2511 2726 2578 Πνεύματοςο
2752 2512 2802 2561 εί
2833 2510 2915 2563 δεῖ
2938 2510 3231 2578 κεφάλαιον
3279 2511 3616 2580 προσειπεῖν,
3647 2511 3719 2571 ὡς
3769 2512 3949 2579 μόνην

2386 2598 2586 2667 ταύτην
2613 2598 2778 2651 οὖσαν
2809 2599 3101 2666 εὐδαιμονα
3138 2597 3437 2668 βιοτήψδς
3469 2602 3626 2669 μόνος
3671 2601 3795 2669 ὅρος
3819 2602 3950 2652 ἐστὶ

2385 2687 2485 2756 τῆς
2518 2689 2639 2741 κατ’
2668 2688 2869 2757 ἀρετὴν
2901 2688 3201 2759 εὐκληρίας
3232 2692 3324 2743 καὶ
3353 2689 3450 2758 τῆς
3502 2694 3641 2744 κατά
3672 2691 3804 2743 Θεδν
3843 2708 3950 2741 πο-

2380 2782 2585 2840 λιτείας
2618 2782 2713 2832 καὶ
2743 2781 2973 2845 τάξεως.
3018 2778 3200 2848 Τριῶν
3241 2783 3349 2851 γὰρ
3380 2781 3570 2845 όντων,
3622 2782 3759 2850 φησὶ
3792 2783 3948 2833 Πλά-

728 2859 1079 2927 cnpiscimus,
1116 2863 1167 2915 id
1193 2875 1295 2929 est,
1331 2881 1449 2933 qua:
1477 2868 1635 2922 nobis
1660 2870 1807 2923 nullo
1838 2871 1998 2925 modo
2023 2872 2281 2938 prodesse

2378 2886 2510 2936 των,
2535 2870 2641 2923 τῶν
2671 2871 2852 2939 μερῶν
2879 2870 2978 2939 τῆς
2998 2871 3200 2941 ψυχῆς,
3228 2872 3549 2937 λογιστικὸν,
3570 2873 3819 2940 θυμικὸν,
3845 2873 3950 2924 καὶ

730 2962 978 3011 possunt.
1035 2953 1408 3021 Agathonicns
1468 2958 1631 3026 igitur
1689 2959 1742 3011 in
1778 2961 2033 3015 omnibus
2084 2944 2347 3029 primasc

2388 2960 2805 3029 ἐπιθυμητικὸν,
2840 2963 2935 3013 καὶ
2978 2964 3088 3014 τῶν
3126 2963 3225 3029 μὲν
3266 2962 3347 3031 τῷ
3394 2963 3689 3030 λογιστικῷ
3715 2964 3945 3032 χρωμέ-

734 3042 876 3104 tulit,
905 3045 1148 3096 omnium
1198 3045 1459 3115 suffragia
1491 3048 2003 3117 obtinuit.’lngenil
2052 3052 2287 3105 habebat

734 3140 965 3196 tantum,
999 3142 1059 3185 ut
1101 3135 1308 3188 modica
1362 3136 1480 3201 ejus
1527 3139 1916 3194 exercitatione
1954 3156 2075 3193 cum
2110 3142 2285 3209 digni—

734 3232 842 3276 tate
866 3222 1048 3277 viveie
1073 3220 1264 3293 'posset
1316 3236 1475 3293 atque
1530 3228 1602 3281 ita
1638 3238 1695 3279 ut
1726 3229 1865 3281 nihil
1891 3245 2113 3297 prorsus
2142 3232 2193 3282 in
2223 3245 2287 3282 eo

732 3311 1149 3367 desideraretur.
1193 3315 1267 3368 De
1316 3316 1667 3385 intelligentia
1714 3320 1833 3388 ejus
1891 3321 2015 3389 quid
2073 3320 2288 3377 dicam?

735 3404 1009 3459 Virtutem
1053 3415 1108 3459 et
1160 3405 1442 3460 facultates
1484 3408 1752 3462 humanas
1800 3410 2021 3463 n'overat
2063 3426 2183 3478 quas
2221 3414 2285 3464 ad

735 3494 1045 3549 felicitatem
1079 3496 1376 3564 perducere
1407 3487 1626 3565 valent;~
1649 3499 2067 3569 imprudentiam
2105 3512 2285 3555 autem

735 3603 797 3640 ac
834 3604 1004 3657 nugas
1046 3589 1152 3657 jam
1207 3592 1274 3644 ab
1309 3592 1669 3647 adolescentia
1711 3594 1928 3663 abiecit.
1984 3596 2286 3653 Reticentia

738 3679 857 3749 ejus
886 3689 1052 3743 tanta,
1076 3694 1276 3749 quanta
1310 3683 1612 3737 Anacliarsi
1638 3687 1923 3749 suadente,
1951 3699 2073 3740 esse
2096 3673 2287 3750 debet;

740 3770 1035 3823 secundum
1068 3770 1419 3840 Pythagoram
1479 3784 1657 3825 autem
1712 3772 1926 3825 dicebat
1972 3787 2293 3840 quacunque

741 3861 948 3913 ratione
977 3860 1216 3913 abscindi
1245 3861 1445 3913 debere
1502 3876 1531 3912 a
1566 3875 1793 3929 corpore
1824 3862 2091 3926 morbum,
2131 3872 2185 3915 et
2224 3863 2292 3916 ab

742 3953 917 4004 anima
951 3951 1327 4021 ignorantiam,
1363 3966 1641 4005 sermones
1674 3965 1803 4004 vero
1844 3952 2032 4006 inanes
2069 3952 2290 4005 omnino

742 4038 1071 4092 damnandos
1097 4054 1234 4100 esse,
1272 4039 1411 4093 sicut
1436 4042 1595 4092 etiam
1621 4039 2085 4107 intemperantiam
2113 4053 2166 4094 et
2191 4041 2291 4096 itu-

738 4113 1182 4195 inoderationem,
1223 4141 1279 4183 ut
1313 4130 1461 4184 brevi
1500 4130 1792 4185 absolvam.
1834 4131 1915 4184 Ab
1955 4130 2029 4184 ira
2078 4146 2291 4200 quoque

2386 3067 2493 3103 νων
2519 3050 2594 3111 ὼς
2640 3050 2809 3113 είκδς,
2839 3051 2932 3103 τοῦ
2978 3052 3151 3121 θυμοῦ
3184 3053 3241 3105 δὲ
3290 3054 3625 3121 ἡττωμένων
3658 3054 3947 3115 πολλάκις,

2352 3141 2560 3194 ,ἄλλων
2590 3140 2645 3192 δὲ
2694 3142 3103 3211 ἐπιθυμούντων
3141 3144 3177 3196 ἃ
3214 3144 3289 3212 μὴ
3323 3144 3591 3213 προσῆκε,
3625 3144 3839 3197 πάντων
3872 3146 3947 3211 δ’,

2388 3233 2461 3293 ὡς
2496 3231 2627 3294 ἔπος
2650 3235 2846 3295 είπεῖν,
2875 3231 3109 3299 οὐδαμοῦ
3152 3234 3266 3294 τοῖς
3296 3233 3439 3295 ὅλοις
3470 3234 3578 3285 τῶν
3609 3233 3908 3301 βελτίστων
3930 3252 3945 3262 ’

2400 3320 2746 3385 Ἀγαθόνικος
2794 3319 2970 3371 δεινὸν
3016 3319 3209 3389 ὥσπερ
3255 3320 3580 3390 ἡγούμενος,
3629 3322 3677 3373 εί
3732 3320 3807 3391 μὴ
3836 3325 3950 3373 κάν

2389 3409 2599 3471 τούτοις
2632 3410 2853 3477 προέχοι
2870 3408 2978 3460 τῶν
3008 3408 3205 3473 ἄλλων,
3244 3409 3379 3477 μηδὲ
3402 3410 3503 3479 τὴν
3536 3410 3703 3478 μείζω
3723 3413 3951 3480 φέροιτο

2356 3570 2361 3575 _
2388 3499 2585 3567 ψῆφον,
2615 3500 2929 3569 φρονήσεως
2964 3498 3063 3566 μὲν
3094 3499 3349 3553 τοσοῦτον
3388 3504 3640 3570 μετεῖχεν
3669 3501 3854 3570 ῶσπερ
3879 3503 3952 3554 ἂν

2390 3591 2437 3641 εἰ
2463 3590 2549 3642 διά
2579 3589 2693 3656 βίου
2736 3590 2941 3651 παντὸς
2994 3590 3162 3656 μόνην
3211 3589 3417 3657 ταύτην
3461 3590 3574 3660 εχει
3628 3583 3858 3659 μελέτην
3889 3610 3949 3643 τε

2390 3682 2486 3733 καὶ
2521 3680 2780 3748 σπουδὴν,
2810 3680 2903 3731 τὸν
2934 3679 3060 3732 νοῦν
3104 3680 3391 3748 καθαίρειν
3436 3697 3495 3732 τε
3536 3682 3631 3732 καὶ
3663 3681 3952 3733 λεπτύνειν

2392 3772 2486 3821 καὶ
2518 3771 2643 3838 μηδ’
2693 3771 2843 3832 ὅπως
2871 3786 2926 3821 τι
2958 3768 3050 3821 οὖν
3082 3770 3421 3836 ὖλλελεῖφθαι
3445 3786 3459 3801 ο
3495 3768 3607 3823 τοιῖ
3637 3772 3949 3836 λογιστικοῦ

2392 3859 2547 3911 τοῦτό
2582 3876 2644 3924 γε
2680 3859 2835 3921 εἰδὼς
2858 3856 3063 3927 ἀρετὴν
3105 3858 3197 3909 καὶ
3226 3857 3456 3927 δύναμιν
3486 3859 3580 3927 τῆς
3613 3861 3719 3909 τῶν
3742 3862 3956 3929 ἀνθρώ-

2395 3967 2509 4000 πων
2546 3950 2892 4017 εὐδαιμονίας
2921 3949 3208 4015 ποιητικήν
3236 3963 3246 3975 ·
3279 3948 3591 4017 ἀφροσύνην
3624 3948 3681 4000 δὲ
3720 3950 3819 4019 τὴν
3848 3952 3955 4004 κά-

2394 4056 2557 4091 κιστα
2592 4039 2967 4108 ἀπολλυμένην
2988 4077 3002 4101 ,
3041 4036 3297 4101 καθάπαξ
3334 4039 3640 4091 άπεδάλετο
3673 4042 3736 4092 ὲκ
3765 4044 3958 4111 νεότη-

2393 4147 2505 4193 τοςο
2536 4130 2781 4197 γλώττης
2812 4130 2871 4181 δὲ
2906 4129 3158 4182 τοσοῦτον
3189 4129 3493 4198 ἐκράτησεν
3516 4130 3640 4183 ὅσον
3681 4132 3955 4201 Ἀνάχαρ-

742 4220 876 4273 adeo
902 4211 1004 4274 sibi
1029 4222 1361 4288 temperabat
1394 4231 1452 4275 ut
1499 4237 1694 4276 manus
1723 4223 1933 4278 elevata
1978 4230 2033 4274 et
2078 4237 2290 4277 servum
2330 4282 2347 4289 _

2399 4233 2481 4278 σις
2516 4220 2802 4272 ἐκέλευσεν
2829 4223 2855 4272 ό
2885 4219 3045 4285 σοφός
3071 4236 3085 4250 ·
3125 4219 3387 4272 καὶκατὰ
3430 4221 3520 4271 τὸν
3548 4220 3749 4289 Σάμιον
3775 4222 3960 4273 Πυθα-

744 4310 962 4379 jamjam
1014 4313 1359 4366 verberatura
1398 4314 1697 4368 deciderit.
1734 4314 2016 4382 Nunquam
2046 4316 2290 4369 convicia
2324 4309 2347 4350 β

2399 4310 2567 4377 γόραν
2596 4309 2777 4375 ἔλεγεν
2825 4311 2905 4361 δτι
2941 4310 3091 4377 πάσῃ
3137 4312 3353 4377 μηχανῇ
3405 4310 3795 4377 περικοπτέον,
3842 4310 3958 4383 ἀπὸ

744 4403 1121 4469 retorquebat;
1180 4403 1536 4457 humanitatis
1590 4404 1724 4457 adeo
1757 4419 1947 4457 amans
1978 4413 2115 4468 erat,
2151 4416 2209 4457 ut
2241 4406 2293 4457 in

745 4494 976 4547 amando
1023 4509 1131 4547 non
1180 4511 1305 4547 raro
1340 4496 1558 4548 modum
1611 4495 1925 4559 excederet,
1972 4494 2106 4551 adeo
2156 4511 2289 4563 prte-

746 4591 960 4650 ceptum
1018 4582 1283 4647 divinum,
1345 4584 1491 4653 quod
1541 4585 1849 4653 proximum
1904 4601 2056 4653 aeque
2118 4600 2182 4640 ae
2240 4602 2298 4639 se

745 4670 919 4737 ipsum
945 4685 1128 4724 amare
1174 4672 1347 4739 jubet,
1378 4673 1731 4741 sequebatur.
1778 4674 1958 4727 Animi
1989 4675 2125 4728 idem
2169 4690 2299 4728 con-

746 4761 939 4814 stantia
970 4776 1035 4814 ac
1056 4760 1373 4817 fortitudine
1392 4775 1672 4831 praestans,
1697 4780 1802 4821 non
1830 4765 2128 4835 periculum
2160 4764 2299 4823 exti-

747 4849 1038 4915 mescebat,
1082 4868 1190 4927 non
1238 4853 1501 4908 bonorum
1548 4855 1837 4923 iaeturam,
1878 4871 1983 4931 neu
2015 4858 2295 4929 domorum

750 4942 1178 5010 possessionem,
1222 4958 1331 4998 non
1370 4960 1664 5001 servorum
1702 4946 1821 5014 plus
1858 4962 2021 5015 quam
2065 4946 2146 5001 fas
2192 4955 2301 5012 est,

749 5032 1067 5094 affectabat;
1132 5036 1245 5089 vita
1297 5036 1516 5104 ipsa‘in
1566 5036 1715 5089 nullo
1766 5038 2135 5092 aestimationis
2184 5038 2303 5091 loco

749 5123 887 5189 apud
916 5138 1042 5181 eum
1076 5134 1192 5179 erat
1223 5120 1515 5183 dummodo
1548 5141 1577 5180 e
1632 5126 1720 5179 Dei
1777 5126 2013 5179 amicitia
2049 5138 2104 5181 et
2142 5126 2301 5180 fami-

748 5210 982 5271 liaritate
1016 5228 1121 5266 non
1147 5215 1443 5269 excideret.
1472 5213 1794 5283 Castitatem
1815 5230 1977 5283 porro
2005 5232 2067 5270 ac
2095 5217 2301 5269 sobrie-

753 5314 915 5357 tatem
958 5321 1079 5373 quae
1134 5305 1385 5360 homines
1430 5306 1565 5374 ipsis
1596 5305 1819 5375 tangelis
1870 5305 2135 5359 assimilat
2180 5307 2304 5374 quis

753 5395 894 5447 sicut
928 5395 1019 5449 ille
1056 5395 1224 5449 coluit
1248 5396 1270 5446 ?

2399 4397 2498 4467 μὲν
2526 4399 2777 4465 σώματος
2797 4399 2972 4469 νόσον,
2998 4400 3108 4451 ἀπὸ
3128 4399 3185 4450 δὲ
3204 4398 3385 4467 ψυχῆς
3408 4398 3670 4466 ἀμαθίαν,
3694 4402 3789 4451 καὶ
3815 4402 3958 4469 πρὸς
3988 4423 3998 4429 ·

2395 4491 2456 4541 τὸ
2484 4489 2668 4557 μηδὲν,
2701 4484 2817 4539 δέον
2851 4489 2927 4555 μὴ
2956 4488 3384 4539 καταναλίσκειν
3418 4488 3631 4555 λόγους·
3669 4492 3761 4542 καὶ
3784 4490 3860 4552 ὡς
3896 4496 3961 4545 ἐν

2400 4576 2677 4644 κεφαλαίῳ
2709 4577 2897 4642 φάναι,
2952 4577 3016 4626 ἐκ
3046 4574 3263 4627 πάντων
3310 4577 3416 4627 τῶν
3451 4577 3759 4647 αἰσθήσεων
3811 4582 3960 4650 ἀμε-

2399 4669 2555 4737 τρίαν
2586 4669 2679 4719 καὶ
2711 4667 2786 4735 μὴ
2816 4666 2921 4730 ἔξω
2949 4664 3043 4723 τοῦ
3072 4664 3268 4733 καιροῦ
3294 4668 3531 4722 πίπτειν.
3563 4669 3750 4739 Θυμοῦ
3778 4671 3835 4724 δὲ
3869 4689 3962 4724 το·

2401 4760 2587 4812 σοῦτον
2617 4759 2919 4827 ἐκράτησεν
2944 4757 3155 4819 ώςνκαὶ
3183 4758 3281 4827 τὴν
3320 4761 3477 4826 χεῖρα
3507 4750 3961 4829 ἆπαιωρηθεῖσαν

2402 4849 2661 4911 πολλάκις
2690 4850 2984 4916 κατασχεῖν
3016 4850 3108 4900 καὶ
3142 4850 3408 4918 μηδαμῶς
3440 4850 3602 4915 τύψαι
3632 4852 3727 4902 τὸν
3756 4852 3958 4905 ἑαυτοῦ

2400 4940 2609 5000 δοῦλον·
2639 4940 2763 5009 μηδ’
2795 4940 2865 4993 αὖ
2889 4940 2976 4992 διὰ
3007 4940 3255 5008 γλώττης
3275 4940 3542 5009 λοιδορίαν
3574 4945 3965 5012 κατεγνωσμέ-

2405 5044 2503 5099 νην
2539 5032 2948 5100 προσενεγκεῖν
2978 5031 3391 5100 φιλανθρωπίαν
3429 5032 3485 5083 δὶ
3524 5031 3701 5109 οὕτως
3735 5035 3966 5103 ἐφίλησε

2406 5125 2500 5175 καὶ
2531 5121 2884 5190 κατώρθωσε*
2920 5122 3011 5177 καὶ
3036 5114 3187 5173 οὕτω
3207 5110 3410 5188 ταύτης
3440 5111 3696 5191 ἑξείχετο,
3747 5123 3823 5183 ὡς
3858 5144 3968 5193 μα..

2409 5214 2553 5274 νικός
2583 5230 2668 5273 τις
2691 5207 2760 5281 ἦν
2790 5215 3048 5281 ἐραστής·
3082 5213 3177 5264 καὶ
3206 5213 3346 5264 κατὰ
3366 5213 3456 5263 τὸν
3501 5206 3661 5264 θεῖον
3687 5218 3967 5283 χρησμὸν,

2396 5306 2499 5356 ιτὸν
2525 5304 2752 5370 πλησίον
2780 5306 2857 5365 ὡς
2910 5303 3102 5355 ἑαυτὸν
3135 5303 3289 5367 ἄγειν
3334 5304 3428 5355 καὶ
3473 5306 3637 5372 τιμᾷν
3663 5344 3677 5369 ,
3730 5306 3846 5357 ἴσον
3897 5312 3971 5379 τῇ

2412 5393 2604 5449 ἑαυτοῦ
2659 5396 2892 5463 κεφαλῇ.
2920 5394 3222 5463 ’Καρτερία
3246 5393 3302 5445 δὲ
3358 5393 3590 5465 μεγίστῃ
3620 5398 3714 5448 καὶ
3741 5395 3977 5468 ἀνδρείᾳ

754 5490 1011 5557 προσεῖχε
1040 5489 1131 5542 καὶ
1175 5487 1570 5556 μεγαλοψυχία,
1603 5487 1676 5547 ὡς
1705 5488 1797 5539 καὶ
1825 5485 2024 5547 ἔξωθεν
2053 5454 2485 5553 ὶπιφερομίνους
2527 5454 2803 5548 κινδύνους
2832 5454 2995 5555 μηδέν
3019 5454 3072 5536 τι
3100 5454 3477 5553 νομίζειν-καὶ
3516 5454 3830 5554 ἀὲοδειλιᾷν
3848 5454 3872 5516 .·
3908 5454 3975 5542 οὐ

755 5582 1053 5654 χρημάτων
1100 5584 1390 5653 ἀφαίρεσιν
1414 5598 1425 5609 ·
1449 5582 1509 5633 οὐ
1542 5580 1741 5641 πλῆθος
1768 5581 1975 5633 οἰκιῶν⁹
2005 5582 2102 5632 οὐκ
2124 5580 2463 5666 ἀνδράποδα⁴
2498 5582 2597 5634 οὐκ
2626 5582 2755 5641 αὐτο
2787 5584 2845 5634 τὸ
2876 5583 3143 5649 περιεῖναι
3166 5582 3255 5631 καὶ
3285 5581 3383 5651 ζῇν
3404 5598 3420 5613 ·
3447 5582 3544 5635 οὐκ
3576 5582 3700 5633 ἄλλο
3724 5576 3979 5639 τοιοῦτον
