4180 6324
316 404 453 467 1237

1354 415 1637 475 ORATIO
1681 418 1759 478 1N
1804 420 1867 481 S.
1916 424 2497 490 AGA'I‘HONICUM;

309 518 490 581 οὐδὲν,
529 519 578 568 εί
625 519 700 587 μὴ
736 520 896 588 μόνον
927 522 987 575 τὸ
1019 525 1273 577 ἐκπεσεῖν
1300 525 1399 593 τῆς
1440 526 1529 578 τοῦ
1565 528 1702 581 Θεοῦ
1735 529 1916 596 φιλίας
1948 535 2042 584 καὶ
2083 536 2440 606 οἱκειὸτητος’

3398 451 3531 513 1Ξ33

2481 542 2782 612 παρθενίαν
2808 547 2863 600 δὲ
2918 553 3008 603 καὶ
3042 561 3400 629 σωφροσύνην
3433 566 3533 633 την

310 608 539 678 πλησίον
575 612 669 662 καὶ
700 614 837 681 μετά
865 614 1108 682 ἀγγέλων
1136 616 1262 680 τοὺς
1295 618 1612 687 ἀνθρώπους
1643 620 1900 687 τιθεῖσαν,
1933 625 2013 686 τίς
2044 625 2213 688 οὕτως
2245 628 2319 689 ὡς
2354 628 2509 695 οὗτος
2540 634 2861 703 ἡγάπησεν;

1719 736 1785 791 Et
1824 756 1948 810 pag.
1986 740 2091 795 749
2123 757 2138 792 :

382 841 513 907 Θεδς
542 844 667 905 τοὺς
690 844 1008 910 δοξάζοντας
1039 847 1200 901 αὑτὸν
1225 849 1440 915 δοξάζει
1471 852 1567 905 καὶ
1586 854 1679 906 τὸν
1702 856 1869 907 αὐτοῦ

2045 860 2185 916 Deus
2233 866 2325 932 qui
2387 882 2572 936 servos
2625 887 2755 929 suos
2806 867 3093 947 gloriﬁcat,
3140 886 3526 953 Agathonicum

311 932 568 1010 μάρτυρα
606 936 975 1003 Ἀγαθόινικον,
1020 939 1119 991 σὺν
1153 940 1334 1007 πολλῷ
1363 941 1442 1010 τῷ
1486 945 1732 1015 περιόντι
1770 948 1861 998 καὶ

303 1025 408 1093 τὴν
436 1026 544 1077 τῶν
576 1025 869 1094 θαυμάτων
912 1028 1192 1096 ἐνέργειαν
1224 1031 1616 1100 ἀποχαρίζεται
1647 1036 1711 1087 ἐκ
1738 1036 1859 1087 τότε

302 1109 600 1182 καὶ“μέχρι
632 1112 729 1167 τοῦ
756 1115 867 1180 νῦν,
897 1120 1039 1171 κατά
1060 1120 1157 1190 τὴν
1183 1121 1338 1173 πόλιν
1363 1122 1455 1173 τοῦ
1490 1124 1712 1190 Σήλυος,
1741 1126 1859 1176 καθ’

301 1205 376 1272 ἢν
402 1205 538 1270 δῆτα
568 1207 660 1256 καὶ
684 1208 716 1274 ἡ
742 1207 931 1259 τούτου
983 1212 1257 1278 μαρτυρία
1307 1214 1599 1280 γεγένηται
1625 1231 1860 1282 περιφα-

298 1294 411 1354 νῶς
457 1296 549 1345 καὶ
581 1295 808 1358 ἐνδόξως
834 1314 846 1327 ο
900 1298 1147 1369 καθάπερ
1171 1300 1391 1364 ἐδόξασα
1442 1306 1538 1355 καὶ
1574 1305 1631 1355 ἐν
1663 1303 1854 1381 ἄλλαις

300 1385 523 1438 πόλεσιν
548 1387 763 1453 ἐτέρους
794 1387 1078 1458 μάρτυρας
1124 1391 1198 1452 ὡς
1237 1392 1428 1461 ἴσμενο
1464 1394 1556 1446 τόν
1614 1411 1672 1447 τε
1700 1411 1855 1463 περι-
1895 1468 1897 1471 η

297 1476 443 1544 φανῆ
481 1476 682 1546 δηλαδὴ
715 1477 810 1530 καὶ
834 1482 1225 1549 τροπαιοφόρον
1253 1481 1559 1551 Γεὼργιον,
1591 1486 1648 1536 ἐν
1692 1478 1850 1538 Καπ-

294 1568 527 1637 παδοκία
558 1569 655 1637 τῆς
704 1570 1077 1639 Καισαρείαςο
1131 1573 1222 1623 τόν
1268 1590 1327 1624 τε
1365 1576 1693 1643 στεφανίτην
1754 1580 1852 1628 καὶ

296 1657 646 1727 μυροὸλύτην
696 1660 1007 1727 Δημήτριον
1037 1662 1094 1711 ἐν
1129 1660 1416 1730 Θετταλία⁹
1464 1663 1522 1713 ἐν
1566 1664 1728 1733 Τύρῳ
1762 1664 1852 1716 τὸν

294 1748 661 1817 περίϐλεπτον
691 1750 783 1800 καὶ
812 1748 954 1800 θεῖον
976 1750 1277 1818 Θεόδωρονο
1318 1752 1408 1817 καὶ
1441 1754 1498 1805 ἐν
1526 1755 1716 1816 ἄλλαις
1755 1754 1850 1806 άλ-

291 1838 444 1901 λους,
476 1840 570 1889 καὶ
594 1838 812 1909 ἐτέρους
841 1842 895 1891 ἐν
921 1841 1136 1909 ἑτέραις
1159 1855 1172 1869 '
1207 1844 1298 1893 καὶ
1337 1843 1478 1909 μάλα
1505 1843 1749 1904 εἰκότως.
1786 1845 1848 1897 El

293 1929 407 1997 γὰρ
466 1930 575 1990 τοῖς
610 1929 833 1997 Ἕλλησι
904 1930 1112 1993 πάλαι,
1160 1934 1270 1994 τοῖς
1299 1949 1356 1985 τε
1405 1933 1658 2021 Θηϐαίοις
1710 1936 1849 2001 λέγω

297 2019 562 2087 Πίνδαρον
584 2021 997 2088 παρασχέσθαι,
1033 2022 1123 2073 καὶ
1164 2020 1412 2085 Βοιωτοῖς
1454 2019 1713 2088 Ἡσίοδον,
1752 2029 1845 2078 καὶ

1966 962 2183 1017 quoque
2210 953 2279 1005 ab
2339 955 2492 1010 initio
2542 975 2714 1029 usque
2764 982 2912 1020 nunc
2955 971 3215 1030 facultate
3271 980 3525 1035 miracula

1963 1042 2220 1104 operandi
2270 1043 2470 1098 mirum
2507 1048 2559 1101 in
2590 1053 2807 1106 modum
2840 1057 3067 1115 donavit
3102 1065 3156 1116 in
3187 1067 3361 1139 Selyis
3390 1077 3523 1129 urbe

1959 1140 2078 1193 quae
2127 1135 2369 1201 martyrii
2407 1136 2528 1204 ejus
2570 1142 2722 1195 testis
2770 1144 2963 1212 fuerat,
3015 1157 3155 1208 sicut
3214 1135 3356 1214 et'in
3402 1167 3525 1219 aliis

1960 1215 2189 1272 urbibus
2243 1222 2386 1276 alios
2436 1239 2704 1297 martyres
2766 1236 3111 1307 glorilicavit,
3162 1258 3289 1303 ante
3332 1268 3523 1310 omnes

1955 1302 2245 1377 Georgium
2281 1311 2544 1370 Cursarem
2576 1302 2947 1392 Cappadocia},
2982 1302 3307 1391 Demetrium

1955 1392 2136 1462 blyten
2172 1397 2227 1451 in
2258 1397 2561 1468 Thessalia,
2599 1407 2723 1477 Tyri
2766 1412 3033 1482 insignem
3064 1422 3307 1477 divinum
3340 1392 3520 1483 iisti)-

1953 1483 2172 1549 dorum,
2234 1488 2371 1543 alios
2430 1494 2581 1548 ahbi.
2616 1498 2727 1552 Nec
2780 1506 2997 1560 mirum.
3035 1510 3118 1571 ,Si
3178 1516 3322 1566 enim
3376 1519 3517 1573 inter

1953 1570 2171 1629 Grzecos
2238 1577 2504 1638 Pindarus
2580 1589 2798 1655 quidem
2851 1570 3054 1652 Thebis
3125 1604 3317 1657 honori
3389 1570 3511 1672 fuit,

1954 1660 2174 1717 Βωηίίε
2237 1668 2544 1736 Hesiodus,
2602 1674 2868 1745 Homerus
2927 1684 3255 1756 Smyrnaeis,
3313 1712 3516 1763 quanto

1954 1753 2124 1820 magis
2153 1756 2219 1808 de
2250 1760 2613 1829 Agathonico,
2644 1770 2814 1823 nobili
2840 1774 3086 1832 veritatis
3114 1797 3513 1853 propugnatore

1952 1840 2172 1908 gloriari
2209 1846 2372 1901 licet!
2403 1854 2717 1924 quicunque
2745 1863 2889 1913 enim
2945 1866 3000 1919 in
3042 1871 3242 1925 celebri
3307 1874 3513 1945 Selym-

1949 1929 2094 1993 bria,
2138 1945 2229 1989 aut
2279 1939 2381 1997 alia
2422 1943 2632 1998 vicinia:
2687 1951 2840 2016 urbe,
2910 1959 3104 2013 morbo
3149 1965 3331 2032 aliquo
3364 1972 3512 2022 labu-

1951 2032 2134 2077 rantes
2164 2027 2228 2079 ad
2259 2033 2509 2100 martyris
2538 2039 2710 2091 nosui
2736 2041 2900 2097 divini
2931 2049 3241 2115 sepulcrum
3289 2073 3506 2122 venere,

291 2111 619 2179 Σμυρναίοις
642 2112 885 2180 Ὅμηρον
916 2114 1007 2163 καὶ
1033 2112 1212 2175 ἄλλοις
1245 2114 1399 2166 ἄλλον
1431 2117 1509 2175 είς
1538 2116 1845 2184 φιλοτιμίαν

291 2202 468 2248 ιοέοει-
503 2203 654 2248 πόσι.)
680 2202 877 2248 μᾶλλον
910 2204 1050 2248 είκδε
1085 2204 1223 2248 μέγα
1250 2207 1464 2248 ωηονεῐν
1492 2206 1582 2248 ἐπὶ
1608 2206 1681 2248 τιτι
1713 2207 1847 2248 min.
1876 2189 1897 2244 Ι

2405 2099 2411 2100 ,
2994 2099 3014 2115 ,
3297 2099 3503 2122 mw“,

1954 2099 2155 2167 relictis
2194 2121 2448 2176 omnibus
2481 2127 2794 2183 morborum
2827 2137 3065 2205 vestigiis
3098 2122 3503 2214 abscesserunt,

1950 2214 2201 2248 magnum
2235 2206 2631 2248 Aﬂalllnninnm
2658 2220 2946 2248 ηηηιέη-...κ
2973 2229 3145 2248 --.2__
3167 2245 3179 2248 _
3245 2242 3256 2248 -
3292 2235 3303 2248 ι
3461 2238 3473 2248 .

289 2202 468 2271 φέρει,
503 2203 654 2270 πόσῳ
680 2202 877 2270 μᾶλλον
910 2204 1050 2265 είκδς
1082 2204 1223 2272 μέγα
1250 2206 1582 2302 φρονεῖνᾼὲπὶ
1608 2206 1681 2302 τῶ
1710 2207 1847 2276 μάρ-
1876 2189 1897 2244 ί

2964 2189 2993 2205 υ
3024 2189 3060 2191 ι-
3101 2189 3503 2214 παπ--.

1950 2214 2201 2269 magnum
2232 2206 2632 2276 Agathonieum
2656 2220 2947 2285 gratiarum
2972 2229 3187 2284 actione
3208 2242 3263 2285 et
3289 2235 3505 2302 hymnis

286 2309 417 2361 τυρι
461 2292 791 2359 ’Δγαθονίκῳ
834 2293 911 2362 τῷ
943 2295 1174 2362 γενναίῳ
1205 2296 1302 2363 τῆς
1353 2295 1611 2365 ἀληθείας
1642 2300 1843 2365 ἀγωνι-

288 2386 419 2453 στῇ.
461 2383 679 2438 Ὁπόσοι
701 2385 808 2454 γάρ
841 2384 1138 2454 τηνικαῦτα
1169 2389 1227 2438 ἐν
1258 2389 1325 2457 τῇ
1358 2390 1651 2457 περιφανεῖ
1688 2390 1841 2441 πόλει

287 2478 434 2547 Σηλυ
446 2477 615 2548 μερίᾳ
638 2479 732 2531 καὶ
756 2468 866 2541 τοῖς
894 2481 1019 2548 περὶ
1048 2479 1214 2549 αὐτὴν
1237 2481 1452 2549 χωρίοις
1482 2484 1729 2551 πονήρως
1751 2483 1842 2534 καὶ

286 2567 530 2629 ἀσθενῶς
558 2568 896 2632 κατέκειντο,
926 2570 1172 2631 ἐλθόντες
1205 2572 1270 2637 τῇ
1302 2570 1395 2621 τοῦ
1445 2571 1590 2621 θείου
1627 2572 1837 2640 μάρτυ-

288 2676 388 2729 ρος
404 2660 595 2711 τούτου
622 2662 765 2731 σορῷ
790 2662 1196 2730 ἀπηλλάττοντο
1227 2662 1322 2714 καὶ
1350 2662 1468 2715 οὐδὲ
1515 2663 1654 2732 ῐχνος
1684 2665 1841 2718 ἀσθε-

286 2751 439 2813 νείας
462 2749 597 2813 ὅλως
619 2767 748 2804 κατε
759 2753 953 2821 ίχοντο.
981 2751 1145 2803 Ὅθεν
1167 2752 1260 2804 καὶ
1282 2752 1357 2820 τῷ
1392 2754 1839 2826 μεγαλομάρτυρι

298 2841 633 2911 ’Δγαθονίκῳ
660 2845 755 2904 τὰς
804 2845 1154 2913 εὐχαριστίας
1198 2846 1288 2897 καὶ
1335 2848 1605 2917 ὑμνῳδίας
1641 2852 1838 2919 προσέ-

284 2950 476 3004 φερον.
509 2934 620 3002 Οὐχ
643 2929 805 3003 ἦττον
831 2935 875 2986 δ’
897 2936 955 2997 ἐξ
979 2938 1302 3011 ἐκείνουκαὶ
1325 2940 1593 3010 ὁσημέραι
1615 2941 1837 2995 τοιαῦτα

281 3027 430 3076 ποιεῖ
454 3023 728 3091 θαυμάσια
757 3026 788 3093 ὴ
820 3025 936 3076 θεία
962 3027 1103 3089 κάρα
1125 3026 1312 3089 αὑτοῦ,
1344 3029 1493 3080 ἐσαεὶ
1522 3030 1691 3092 ἰάσεις
1718 3033 1836 3083 ἐπι-

281 3113 516 3167 τελοῦσα
546 3116 642 3167 καὶ
687 3116 1065 3182 θεραπεύουσα
1102 3119 1284 3168 πᾶσαν
1335 3119 1485 3169 νόσον
1530 3121 1622 3172 καὶ
1655 3123 1834 3177 πᾶσαν

282 3205 583 3275 μαλακίαν·
612 3204 673 3258 τὺ
699 3204 803 3274 γὰρ
838 3205 1022 3275 ἕτερον
1056 3208 1234 3276 σῶμα,
1265 3209 1423 3270 ἀλλος
1466 3211 1595 3264 ἀλλο
1646 3213 1832 3282 μέρος,

281 3297 381 3349 καὶ
412 3296 595 3365 ἕτερος
616 3296 803 3368 ἕτερον
849 3298 955 3348 τῶν
984 3300 1224 3351 εὐσεϐῶν
1276 3300 1383 3352 τῶν
1418 3318 1474 3352 τε
1527 3302 1715 3372 πόρῤω
1740 3306 1833 3357 καὶ

278 3384 391 3438 τῶν
419 3386 583 3452 ἐγγὺς
608 3386 668 3449 ἐξ
708 3386 927 3454 ἀγάπης
960 3388 1414 3457 διαμερισάμενος
1462 3393 1589 3460 παρ’
1622 3394 1830 3457 ἑαυτοῖς

1949 2295 2268 2352 exaltantes.
2304 2300 2423 2356 Non
2454 2307 2634 2362 minus
2664 2323 2844 2368 autem
2873 2318 2996 2373 inde
3024 2322 3092 2374 ab
3124 2324 3231 2379 isto
3263 2336 3505 2398 tempore

1947 2396 2194 2441 sanctum
2253 2393 2425 2460 ipsius
2465 2410 2627 2466 caput
2652 2388 2903 2471 quotidie
2936 2412 3193 2467 miracula
3222 2427 3501 2485 operatur,

1951 2477 2171 2532 morbos
2226 2496 2291 2535 ac
2340 2488 2520 2540 omnia
2582 2491 2956 2553 inﬁrmitatutn
3004 2519 3199 2571 genera
3242 2514 3498 2567 sanando.

1943 2562 2148 2618 Cmtera
2211 2570 2356 2624 enim
2410 2581 2656 2644 corporis
2706 2582 2869 2652 hujus
2919 2596 3092 2646 sancti
3142 2602 3386 2655 membra
3415 2606 3501 2671 pia

1946 2666 2169 2723 corpora
2202 2659 2357 2731 longe
2384 2665 2599 2736 lateque
2622 2683 2811 2729 sortita
2838 2690 2897 2732 ut
2923 2683 3116 2739 salutis
3140 2688 3501 2750 instrumenta

1945 2758 2295 2805 venerantur.
2352 2753 2609 2829 Sunt'qui
2644 2765 2825 2823 dicant
2859 2774 3003 2839 quod
3043 2774 3215 2832 Latini
3254 2795 3374 2849 post
3408 2803 3501 2841 ex-

1944 2849 2232 2907 pugnatam
2286 2850 2485 2916 regiam
2550 2855 2773 2923 urbem,
2827 2859 2949 2933 Sely‘
3000 2882 3216 2939 quoque
3259 2888 3370 2929 sua:
3415 2879 3528 2931 di-V

1947 2927 2109 2983 tionis
2147 2932 2310 2997 facta,
2349 2944 2604 3011 martyris
2639 2962 2841 3017 corpus
2877 2927 2934 3006 in
2964 2927 3242 3028 antiquam
3274 2964 3499 3023 Ruinam

1941 3022 2083 3072 sicut
2136 3023 2396 3090 plurimas
2456 3033 2590 3087 alias
2638 3038 2897 3107 reliquias
2951 3059 3321 3114 asportaruut.
3381 3059 3497 3113 Itali

1940 3111 2084 3165 enim
2108 3116 2307 3183 regiam
2338 3122 2523 3176 urbem
2550 3141 2646 3192 per
2666 3130 3058 3203 quinquaginta
3090 3153 3296 3209 septem
3322 3163 3497 3202 annos

1944 3203 2051 3255 Deo
2125 3208 2341 3266 volente
2405 3229 2466 3267 ac
2532 3221 2923 3289 permittente,
2990 3238 3274 3288 tenuerant
3336 3248 3497 3307 atque

1939 3308 2101 3362 opera
2137 3299 2269 3352 artis
2302 3308 2517 3374 egregia
2555 3323 2617 3363 ac
2650 3316 2956 3383 magniﬁca.
2983 3321 3190 3377 Phidias
3218 3342 3279 3380 ac
3312 3329 3498 3381 Praxi—

1941 3386 2061 3439 telis
2090 3387 2251 3454 dico;
2291 3406 2483 3447 aurum
2522 3413 2685 3464 porro
2714 3415 2767 3455 et
2815 3420 3120 3476 argentum,
3184 3420 3495 3485 margaritas

278 3475 593 3544 κατείχοντο
621 3475 992 3544 φυλακτήριον
1010 3491 1022 3503 ·
1057 3477 1187 3528 ἔνιοι
1233 3477 1288 3529 δέ
1324 3494 1489 3545 φασιν
1515 3479 1585 3542 ὡς
1611 3482 1831 3534 Δατίνοι

278 3567 413 3611 αὐτὴ
440 3566 802 3611 ὲωευογικότες
843 3567 1042 3611 μᾶλλον
1065 3569 1309 3611 ἐνταιιῆηΐ
1365 3571 1523 3611 {rufam
1555 3571 1650 3611 mium
1682 3572 1831 3611 an-
1861 3541 1897 3599 C

1944 3482 1995 3526 et
2029 3475 2235 3544 lapides
2270 3484 2557 3554 pretiosos,
2586 3492 2912 3550 vestimenta
2944 3496 3131 3556 divina
3156 3513 3210 3557 et
3241 3512 3493 3586 sacerdo-
3566 3574 3569 3575 ν

1944 3563 2062 3611 [alia
2109 3580 2140 3611 Ω
2194 3572 2407 3611 ιρηπιΙίς
2466 3591 2525 3611 an
2568 3578 2820 3611 [ιη-νηηω
2874 3590 3033 3611 ..Α,.;ι-
3090 3609 3141 3611 _-
3344 3610 3351 3611 ,
3430 3603 3460 3611 ..

277 3567 413 3619 αὐτὸ
440 3541 802 3635 ἐφευρηκὸτες
841 3541 1042 3635 μάλλον
1065 3541 1346 3629 ἐνταυθοῖ.-
1365 3571 1526 3639 ἡνίκα
1555 3571 1650 3643 τὴν
1679 3572 1831 3641 βασι-
1861 3541 1897 3599 C

2270 3541 2287 3549 -
2360 3548 2367 3554 .
2546 3541 2555 3548 .
2657 3541 2912 3550 we"---
2945 3541 3127 3556 .........
3156 3541 3210 3557 ν.
3241 3541 3493 3564 «κωκυ-

1944 3563 2063 3618 talia
2109 3580 2140 3619 e
2194 3572 2407 3639 templis
2464 3591 2527 3629 ac
2568 3578 2823 3637 domibus
2874 3590 3036 3657 regiis
3084 3609 3147 3645 ae
3206 3577 3494 3657 senatoriis

278 3657 543 3710 λεύουσαν
574 3659 728 3710 πόλιν
785 3660 1063 3729 κατέσχον,
1118 3662 1210 3713 καὶ
1249 3662 1453 3732 ταύτην
1489 3665 1580 3715 τοῦ
1632 3665 1831 3726 Σήλυος

280 3749 488 3820 πρόαγε
535 3753 655 3813 ταῖς
700 3748 908 3814 ἄλλαις,
966 3746 1246 3817 ἀφείλοντο
1298 3753 1356 3804 τὸ
1406 3754 1501 3807 τοῦ
1556 3756 1831 3823 μάρτυρος

278 3840 455 3905 σῶμα,
480 3840 573 3891 καὶ
607 3840 743 3906 πρὸς
766 3841 861 3908 τὴν
885 3841 1255 3908 πρεσϐυτέραν
1286 3841 1508 3911 Ῥώμην
1528 3844 1828 3913 ἐπήγαγον,

277 3929 531 3997 καθάπερ
553 3931 642 3981 καὶ
668 3930 799 3981 ἄλλα
835 3930 1057 3982 πλεῖστα
1081 3931 1185 3982 τῶν
1214 3933 1383 3999 ἀγίων
1406 3933 1691 4003 λειψάνων.
1720 3935 1829 4004 Τὴν

274 4023 381 4087 γὰρ
414 4020 658 4088 βασιλίδα
702 4020 808 4072 τῶν
866 4020 1071 4073 πόλεων
1120 4024 1497 4091 κατα-σχόντες¹
1530 4028 1577 4078 οἱ
1641 4027 1829 4079 Ἰταλοὶ

274 4109 499 4175 χρόνους
527 4108 664 4158 ἐπτά
697 4108 836 4176 πρὸς
864 4112 973 4177 τοῖς.
1003 4111 1337 4178 πεντήκοντα
1362 4112 1567 4176 τούτοις
1608 4114 1826 4166 δουλεύ-

270 4216 438 4251 ουσαν
474 4200 638 4267 ἀνοχῇ
672 4202 763 4252 καὶ
797 4203 1184 4272 παραχωρήσει
1217 4202 1372 4265 Θεοῦ,
1404 4204 1451 4257 oi
1486 4207 1579 4258 καὶ
1612 4208 1827 4278 ἀφῃρη-

272 4289 423 4353 μένοι
448 4290 624 4354 πάντα
654 4291 720 4339 τά
754 4292 1023 4357 προσόντα
1053 4293 1186 4361 αὐτῇ
1220 4293 1483 4348 κάλλιστα
1523 4295 1659 4366 ἔργα
1695 4300 1822 4353 θαύ-

272 4396 438 4447 ματος
472 4381 562 4431 καὶ
594 4382 909 4450 ἐκπλήξεως
944 4383 1182 4450 γέμοντα
1214 4387 1307 4436 καὶ
1337 4388 1531 4456 ἡδονῆς
1558 4391 1821 4460 ἀρῤήτου,

266 4470 472 4522 Φειδίου
504 4472 647 4538 φημὶ
691 4473 1212 4541 καὶ¹Πραξιτέλους’
1241 4476 1319 4528 ἔτι
1369 4478 1427 4530 δὲ
1474 4481 1672 4547 χρυσὸν
1729 4484 1821 4533 καὶ

269 4560 510 4630 ἄργυρον
540 4564 629 4614 καὶ
662 4562 901 4629 διαυγεῖς
936 4558 1249 4633 μαργάρους
1279 4566 1371 4617 καὶ
1398 4565 1578 4629 λίθους
1605 4570 1820 4637 τιμίους

1934 3652 2173 3721 ejusdem
2209 3660 2356 3713 urbis
2386 3663 2764 3735 abstulerunt;
2801 3690 2935 3741 quos
2960 3690 3233 3745 postremo
3262 3685 3491 3744 Michael

1930 3740 2265 3816 Palreologus
2291 3750 2529 3820 Angelus
2558 3756 2573 3807 l
2603 3740 2895 3827 imperator
2936 3740 3093 3821 manu
3137 3773 3486 3846 fortissimus,

1931 3834 2157 3901 expulit.
2193 3839 2264 3891 At
2301 3853 2586 3910 postquam
2636 3848 2689 3900 in
2726 3852 2897 3918 primo
2931 3857 3050 3911 loco
3082 3866 3407 3923 constitutus
3434 3834 3488 3924 et

1930 3925 2172 3980 omnium
2204 3942 2330 3984 ante
2365 3932 2539 3999 ipsqu
2588 3938 2973 4007 imperatorum
3027 3950 3261 4009 hnnores
3291 3972 3352 4011 ac
3381 3964 3489 4027 pri-

1930 4015 2121 4087 vilegia
2169 4022 2399 4090 adeptus
2429 4039 2594 4090 esset,
2634 4044 2928 4111 postremo,
2976 4042 3237 4111 gliscente
3284 4049 3483 4106 invidia

1925 4106 2137 4162 civibus
2191 4111 2350 4167 bonis
2402 4108 2651 4173 infestus
2685 4135 2739 4177 et
2788 4130 2951 4182 malas
2984 4145 3165 4188 mente
3210 4139 3349 4192 sicut
3408 4145 3483 4195 Illi

1924 4212 2045 4253 esse
2069 4202 2251 4271 οωρὶι,
2281 4220 2389 4273 quo
2433 4209 2630 4265 factum
2672 4226 2754 4269 est
2806 4230 2859 4271 ut
2894 4222 3139 4291 διαπίνω,
3173 4229 3278 4283 imo
3301 4237 3480 4288 omnia

1925 4291 2191 4349 amiserit.
2243 4296 2456 4363 Corpus
2488 4318 2617 4357 vero
2647 4308 2766 4375 ejus
2807 4312 2858 4364 in
2915 4313 3075 4383 hujus
3131 4322 3301 4389 Sclyis
3352 4329 3482 4379 urbe

1923 4382 1981 4434 in
2040 4392 2374 4444 monasterio
2420 4391 2714 4453 Salvatoris
2772 4410 2826 4455 et
2870 4406 3235 4466 misericordis
3280 4416 3480 4473 Christi

1924 4474 2277 4532 tumefactum
2320 4481 2465 4547 jacet
2508 4498 2729 4553 propter
2752 4506 3130 4560 angescentem
3176 4505 3475 4575 dogmatum

1920 4570 2311 4638 eorrupteiam,
2339 4590 2406 4627 ex
2443 4592 2552 4646 quo
2580 4590 2801 4638 sanctus
2830 4600 2892 4640 ac
2924 4589 3142 4647 divinus
3173 4598 3476 4663 patriarcha

268 4646 366 4707 καὶ
397 4654 709 4715 πολυτελεῖς
741 4655 833 4706 καὶ
874 4654 1057 4707 πέπλα
1087 4654 1202 4707 θεῖα
1234 4657 1326 4708 καὶ
1364 4658 1485 4725 ίερά
1517 4658 1580 4711 ἐκ
1613 4677 1670 4712 τε
1710 4661 1819 4756 τῶν

1944 4661 2186 4721 trseniu-s
2240 4663 2419 4733 ipsqu
2467 4672 2949 4733 anathematizavit
2997 4683 3123 4751 quia
3173 4701 3393 4756 regnum
3443 4708 3474 4744 a

267 4747 430 4798 θείων
457 4744 621 4810 ναῶν,
649 4744 711 4796 ἐκ
739 4760 796 4795 τε
826 4745 932 4796 τῶν
974 4746 1258 4813 βασιλείων
1283 4749 1465 4814 οῖκων,
1510 4752 1576 4803 ἐκ
1621 4768 1679 4804 τε
1710 4751 1817 4804 τῶν

1944 4750 2030 4804 ilio
2110 4752 2381 4809 Theodori
2437 4758 2689 4817 Lasearis
2773 4773 3077 4838 usurpavit.

3136 4776 3257 4833 Haec
3311 4782 3475 4851 igitur

268 4836 639 4904 συγκλητικῶν
666 4834 873 4902 ἀνδρῶν
905 4836 1122 4887 καὶτῶν
1143 4836 1439 4908 οἰκητόρων
1463 4842 1691 4941 ταυτησὶ
1720 4836 1817 4910 τῆς
1850 4861 1893 4915 ο

1944 4843 2182 4917 niracula
2210 4861 2425 4903 sacrum
2468 4858 2721 4925 martyris
2772 4862 2939 4915 nosui
2972 4872 3151 4929 caput
3199 4882 3473 4941 operatur,

262 4924 490 4985 πόλεως.
524 4917 683 4984 Αὖθις
718 4922 855 4973 Θεοῦ
887 4922 1209 4992 βουλομένου
1242 4926 1269 4976 ὁ
1304 4928 1813 5009 στρατηγικώτατος

262 5013 516 5083 βασιλεὺς
564 5014 777 5082 Μιχαὴλ
832 5013 1191 5081 Παλαιολόγος
1217 5015 1431 5084 πρῶτος
1466 5018 1495 5068 ὁ
1526 5018 1809 5085 ¹Ἄγγελος,

258 5107 477 5165 τούτους
504 5096 751 5169 ἐξέωσεν·
788 5103 846 5165 ὃς
874 5106 929 5154 ἐν
953 5106 1064 5164 τοῖς
1092 5098 1325 5174 πρώτοις
1355 5107 1686 5174 ἀριστεύσας
1716 5111 1808 5161 καὶ

258 5197 327 5249 τά
358 5196 620 5264 πμσὸεῖα
655 5193 867 5245 πάντων
910 5194 1019 5246 τῶν
1075 5194 1159 5245 πώ
1181 5180 1332 5247 ’ποτε
1378 5197 1639 5263 βασιλέων
1668 5201 1807 5251 ἀνει-

258 5285 485 5355 ληφὼς,
536 5289 593 5338 ἐν
631 5286 738 5345 τοῖς
795 5284 1120 5345 τελευταίοις
1174 5286 1319 5351 οἴμοι
1377 5288 1555 5356 φθόνῳ
1596 5290 1804 5354 τούτοις

1919 4934 2147 5004 morbos
2188 4940 2433 4993 sanando
2487 4944 2831 5015 multifarios,
2870 4960 2928 5003 ut
2988 4958 3181 5023 capitis
3229 4934 3467 5027 dolores,

1918 5023 2118 5090 febres,
2156 5031 2395 5083 membra
2432 5035 2556 5103 gelu
2601 5049 2917 5097 constricta.
2951 5043 3128 5110 Quare
3163 5049 3251 5104 hic
3290 5067 3469 5106 sermo

1918 5116 2021 5169 tria
2042 5117 2259 5172 illorum
2291 5123 2681 5181 miraculorum
2717 5132 3132 5200 demonstrabit,
3158 5150 3263 5195 tam
3290 5154 3465 5197 vetera

1914 5221 2073 5275 quam
2103 5212 2373 5279 recentia;
2399 5226 2593 5270 caetera
2626 5234 2862 5291 namque
2884 5225 3131 5281 lubenter
3160 5233 3461 5298 praeteribo.

1914 5292 2212 5364 Imperator
2251 5298 2464 5355 Manuel
2492 5304 3051 5377 Porphyrogenitus...

257 5380 442 5442 καλοῖς
474 5379 877 5449 βασκαίνοντας,
927 5378 992 5428 τὰ
1024 5376 1246 5429 ἐκείνων
1295 5382 1508 5443 φρονῶν
1558 5382 1777 5451 εὑρέθη·
1810 5386 1904 5437 καὶ
1943 5388 2118 5460 ταύτῃ
2144 5408 2207 5457 γε
2240 5394 2480 5461 μάλιστα
2529 5402 2588 5451 τὸ
2637 5376 2884 5459 πλεῖστον
2915 5410 3025 5477 ξτῆς
3056 5410 3235 5480 δόξης,
3277 5416 3307 5483 ἦ
3338 5419 3461 5484 τόγε

256 5473 619 5543 ἀληθέστερον
653 5474 847 5540 είπείν,
883 5477 1099 5546 σύμπαν
1130 5470 1383 5543 ἀφείλετό
1419 5491 1477 5525 τε
1528 5481 1619 5528 καὶ
1653 5478 1954 5547 περιῄρητο
1979 5496 1995 5512 ·
2048 5485 2142 5535 καὶ
2200 5484 2257 5536 ἐν
2285 5487 2349 5555 τῇ
2379 5488 2470 5540 τοῦ
2518 5491 2717 5561 Σήλυος
2778 5470 2946 5572 ταύτῂ
2980 5470 3145 5557 ’πόλει
3182 5502 3319 5557 κατᾶ

141 5582 149 5588 ’
253 5572 348 5625 τοῦ
380 5570 631 5638 Σωτῆρος
674 5572 769 5626 καὶ
808 5574 1209 5642 πανελεήμονος
1252 5576 1484 5643 Χριστοῦ
1539 5577 1707 5643 μονὴν
1752 5578 1812 5627 τὸ
1854 5578 2016 5632 αὑτοῦ
2082 5582 2243 5652 σῶμα
2286 5588 2719 5655 κατακείμενον,
2763 5570 3060 5666 καθορξῑται
3108 5601 3459 5671 ὀγκούμενος,

3365 5510 3461 5578 τὴν

254 5666 340 5719 διά
386 5668 486 5737 τὴν
525 5666 803 5735 προσᾶσαν
833 5669 940 5721 τῶν
972 5668 1253 5736 δογμάτων
1280 5669 1574 5737 διαφοράν·
1608 5670 1826 5739 προσέτι
1868 5688 1930 5737 γε
1962 5674 2087 5743 μὴν,
2126 5678 2218 5730 καὶ
2252 5676 2340 5732 διὰ
2380 5681 2471 5733 τὸν
2504 5689 2961 5759 προσφωνηθέντα
2994 5693 3113 5745 κατ’
3137 5694 3301 5747 αὐτοῦ
3327 5696 3455 5763 ἀφο-
